{
  "TSLA": {
    "industry": "\u5927\u79d1\u6280",
    "marketcap": 1442474289111.0,
    "enterpriseValue": 1414615289111.0,
    "earningsdate": "Oct 22 2025",
    "exdivdate": null,
    "sharesOutClass": 3325819167.0,
    "sharesout": 3325819167.0,
    "sharesgrowthyoy": 0.931,
    "sharesgrowthqoq": 0.199,
    "float": 2809141556.0,
    "pe": 299.299,
    "peForward": 211.375,
    "ps": 14.605,
    "psForward": 14.141,
    "pb": 18.028,
    "pegRatio": 9.63,
    "evEarnings": 278.52,
    "evSales": 14.79,
    "evEbitda": 131.37,
    "evEbit": 296.75,
    "evFcf": 207.0,
    "currentRatio": 2.066,
    "quickRatio": 1.486,
    "debtEquity": 0.17,
    "debtEbitda": 1.1,
    "debtFcf": 2.02,
    "interestCoverage": 13.659,
    "assetturnover": 0.754,
    "inventoryturnover": 5.922,
    "shortInterest": 76816175.0,
    "shortShares": 2.31,
    "shortFloat": 2.735,
    "revenue": 95633000000.0,
    "gp": 16264000000.0,
    "opinc": 4767000000.0,
    "pretax": 6621000000.0,
    "netinc": 5079000000.0,
    "ebitda": 10768000000.0,
    "ebit": 4767000000.0,
    "debt": 13788000000.0,
    "workingcapital": 33363000000.0,
    "ncfo": 15748000000.0,
    "capex": -8914000000.0,
    "fcf": 6834000000.0,
    "grossMargin": 17.007,
    "operatingMargin": 4.985,
    "pretaxMargin": 6.923,
    "profitMargin": 5.314,
    "ebitdaMargin": 11.26,
    "ebitMargin": 4.985,
    "fcfMargin": 7.146,
    "dividendYield": null,
    "dividendGrowthYears": null,
    "payoutRatio": null,
    "buybackYield": -0.931,
    "earningsYield": 0.352,
    "fcfYield": 0.474,
    "priceTarget": 374.54
  },
  "NFLX": {
    "industry": "\u5927\u79d1\u6280",
    "marketcap": 464499342464.0,
    "enterpriseValue": 472258488464.0,
    "earningsdate": "Oct 21 2025",
    "exdivdate": null,
    "sharesOutClass": 424320440.0,
    "sharesout": 424320440.0,
    "sharesgrowthyoy": -1.116,
    "sharesgrowthqoq": -0.194,
    "float": 421307647.0,
    "pe": 45.751,
    "peForward": 35.664,
    "ps": 10.754,
    "psForward": 9.171,
    "pb": 17.872,
    "pegRatio": 1.458,
    "evEarnings": 45.27,
    "evSales": 10.89,
    "evEbitda": 36.41,
    "evEbit": 37.35,
    "evFcf": 52.67,
    "currentRatio": 1.332,
    "quickRatio": 1.132,
    "debtEquity": 0.66,
    "debtEbitda": 1.25,
    "debtFcf": 1.91,
    "interestCoverage": 17.208,
    "assetturnover": 0.809,
    "inventoryturnover": null,
    "shortInterest": 6428320.0,
    "shortShares": 1.515,
    "shortFloat": 1.526,
    "revenue": 43378787000.0,
    "gp": 20858715000.0,
    "opinc": 12642706000.0,
    "pretax": 12089079000.0,
    "netinc": 10431287000.0,
    "ebitda": 12969651000.0,
    "ebit": 12642706000.0,
    "debt": 17083538000.0,
    "workingcapital": 3231076000.0,
    "ncfo": 9574525000.0,
    "capex": -607559000.0,
    "fcf": 8966966000.0,
    "grossMargin": 48.085,
    "operatingMargin": 29.145,
    "pretaxMargin": 27.869,
    "profitMargin": 24.047,
    "ebitdaMargin": 29.899,
    "ebitMargin": 29.145,
    "fcfMargin": 20.671,
    "dividendYield": null,
    "dividendGrowthYears": null,
    "payoutRatio": null,
    "buybackYield": 1.116,
    "earningsYield": 2.246,
    "fcfYield": 1.93,
    "priceTarget": 1342.1
  },
  "AMZN": {
    "industry": "\u5927\u79d1\u6280",
    "marketcap": 2391179941268.0,
    "enterpriseValue": 2457569941268.0,
    "earningsdate": "Oct 30 2025",
    "exdivdate": null,
    "sharesOutClass": 10664912097.0,
    "sharesout": 10664912097.0,
    "sharesgrowthyoy": 1.307,
    "sharesgrowthqoq": 0.12,
    "float": 9674718532.0,
    "pe": 34.195,
    "peForward": 32.623,
    "ps": 3.538,
    "psForward": 3.155,
    "pb": 7.161,
    "pegRatio": 1.919,
    "evEarnings": 34.8,
    "evSales": 3.67,
    "evEbitda": 18.36,
    "evEbit": 32.26,
    "evFcf": 182.3,
    "currentRatio": 1.024,
    "quickRatio": 0.768,
    "debtEquity": 0.48,
    "debtEbitda": 1.07,
    "debtFcf": 11.84,
    "interestCoverage": 34.166,
    "assetturnover": 1.083,
    "inventoryturnover": 9.012,
    "shortInterest": 76984980.0,
    "shortShares": 0.722,
    "shortFloat": 0.796,
    "revenue": 670038000000.0,
    "gp": 332383000000.0,
    "opinc": 76190000000.0,
    "pretax": 82885000000.0,
    "netinc": 70623000000.0,
    "ebitda": 133832000000.0,
    "ebit": 76190000000.0,
    "debt": 159570000000.0,
    "workingcapital": 4499000000.0,
    "ncfo": 121137000000.0,
    "capex": -107656000000.0,
    "fcf": 13481000000.0,
    "grossMargin": 49.607,
    "operatingMargin": 11.371,
    "pretaxMargin": 12.37,
    "profitMargin": 10.54,
    "ebitdaMargin": 19.974,
    "ebitMargin": 11.371,
    "fcfMargin": 2.012,
    "dividendYield": null,
    "dividendGrowthYears": null,
    "payoutRatio": null,
    "buybackYield": -1.307,
    "earningsYield": 2.953,
    "fcfYield": 0.564,
    "priceTarget": 266.26
  },
  "ADBE": {
    "industry": "\u5927\u79d1\u6280",
    "marketcap": 147983472000.0,
    "enterpriseValue": 148693472000.0,
    "earningsdate": "Dec 10 2025",
    "exdivdate": null,
    "sharesOutClass": 418600000.0,
    "sharesout": 418600000.0,
    "sharesgrowthyoy": -4.421,
    "sharesgrowthqoq": -1.119,
    "float": 417358636.0,
    "pe": 22.031,
    "peForward": 15.497,
    "ps": 6.592,
    "psForward": 5.731,
    "pb": 12.615,
    "pegRatio": 1.079,
    "evEarnings": 21.37,
    "evSales": 6.41,
    "evEbitda": 16.41,
    "evEbit": 17.53,
    "evFcf": 15.49,
    "currentRatio": 1.019,
    "quickRatio": 0.87,
    "debtEquity": 0.57,
    "debtEbitda": 0.73,
    "debtFcf": 0.69,
    "interestCoverage": 34.332,
    "assetturnover": 0.791,
    "inventoryturnover": null,
    "shortInterest": 11240999.0,
    "shortShares": 2.685,
    "shortFloat": 2.693,
    "revenue": 23181000000.0,
    "gp": 20663000000.0,
    "opinc": 8480000000.0,
    "pretax": 8461000000.0,
    "netinc": 6957000000.0,
    "ebitda": 9060000000.0,
    "ebit": 8480000000.0,
    "debt": 6655000000.0,
    "workingcapital": 173000000.0,
    "ncfo": 9792000000.0,
    "capex": -193000000.0,
    "fcf": 9599000000.0,
    "grossMargin": 89.138,
    "operatingMargin": 36.582,
    "pretaxMargin": 36.5,
    "profitMargin": 30.012,
    "ebitdaMargin": 39.084,
    "ebitMargin": 36.582,
    "fcfMargin": 41.409,
    "dividendYield": null,
    "dividendGrowthYears": null,
    "payoutRatio": null,
    "buybackYield": 4.421,
    "earningsYield": 4.701,
    "fcfYield": 6.487,
    "priceTarget": 457.48
  },
  "AAPL": {
    "industry": "\u5927\u79d1\u6280",
    "marketcap": 3900351299800.0,
    "enterpriseValue": 3869063299800.0,
    "earningsdate": "Oct 30 2025",
    "exdivdate": "Aug 11 2025",
    "sharesOutClass": 14840390000.0,
    "sharesout": 14840390000.0,
    "sharesgrowthyoy": -2.681,
    "sharesgrowthqoq": -0.717,
    "float": 14809601212.0,
    "pe": 39.982,
    "peForward": 33.828,
    "ps": 9.672,
    "psForward": 8.85,
    "pb": 59.314,
    "pegRatio": 3.392,
    "evEarnings": 38.97,
    "evSales": 9.47,
    "evEbitda": 27.31,
    "evEbit": 29.71,
    "evFcf": 40.23,
    "currentRatio": 0.868,
    "quickRatio": 0.724,
    "debtEquity": 1.54,
    "debtEbitda": 0.65,
    "debtFcf": 1.06,
    "interestCoverage": null,
    "assetturnover": 1.232,
    "inventoryturnover": 36.044,
    "shortInterest": 110777598.0,
    "shortShares": 0.746,
    "shortFloat": 0.748,
    "revenue": 408625000000.0,
    "gp": 190739000000.0,
    "opinc": 130214000000.0,
    "pretax": 129535000000.0,
    "netinc": 99280000000.0,
    "ebitda": 141696000000.0,
    "ebit": 130214000000.0,
    "debt": 101698000000.0,
    "workingcapital": -18629000000.0,
    "ncfo": 108565000000.0,
    "capex": -12381000000.0,
    "fcf": 96184000000.0,
    "grossMargin": 46.678,
    "operatingMargin": 31.866,
    "pretaxMargin": 31.7,
    "profitMargin": 24.296,
    "ebitdaMargin": 34.676,
    "ebitMargin": 31.866,
    "fcfMargin": 23.538,
    "dividendYield": 0.396,
    "dividendGrowthYears": 13.0,
    "payoutRatio": 15.517,
    "buybackYield": 2.681,
    "earningsYield": 2.545,
    "fcfYield": 2.466,
    "priceTarget": 252.0
  },
  "META": {
    "industry": "\u5927\u79d1\u6280",
    "marketcap": 1854864779481.0,
    "enterpriseValue": 1857353779481.0,
    "earningsdate": "Oct 29 2025",
    "exdivdate": "Sep 22 2025",
    "sharesOutClass": 2168962480.0,
    "sharesout": 2512141475.0,
    "sharesgrowthyoy": -1.593,
    "sharesgrowthqoq": -0.772,
    "float": 2164200389.0,
    "pe": 26.781,
    "peForward": 25.828,
    "ps": 10.427,
    "psForward": 8.588,
    "pb": 9.523,
    "pegRatio": 1.657,
    "evEarnings": 25.97,
    "evSales": 10.39,
    "evEbitda": 19.7,
    "evEbit": 23.95,
    "evFcf": 37.05,
    "currentRatio": 1.973,
    "quickRatio": 1.706,
    "debtEquity": 0.25,
    "debtEbitda": 0.51,
    "debtFcf": 0.99,
    "interestCoverage": 82.413,
    "assetturnover": 0.681,
    "inventoryturnover": null,
    "shortInterest": 23801739.0,
    "shortShares": 0.947,
    "shortFloat": 1.1,
    "revenue": 178804000000.0,
    "gp": 146559000000.0,
    "opinc": 77551000000.0,
    "pretax": 80290000000.0,
    "netinc": 71507000000.0,
    "ebitda": 94280000000.0,
    "ebit": 77551000000.0,
    "debt": 49560000000.0,
    "workingcapital": 36308000000.0,
    "ncfo": 102299000000.0,
    "capex": -52162000000.0,
    "fcf": 50137000000.0,
    "grossMargin": 81.966,
    "operatingMargin": 43.372,
    "pretaxMargin": 44.904,
    "profitMargin": 39.992,
    "ebitdaMargin": 52.728,
    "ebitMargin": 43.372,
    "fcfMargin": 28.04,
    "dividendYield": 0.284,
    "dividendGrowthYears": 1.0,
    "payoutRatio": 7.617,
    "buybackYield": 1.593,
    "earningsYield": 3.855,
    "fcfYield": 2.703,
    "priceTarget": 825.75
  },
  "GOOG": {
    "industry": "\u5927\u79d1\u6280",
    "marketcap": 3146676180000.0,
    "enterpriseValue": 3093196180000.0,
    "earningsdate": "Oct 29 2025",
    "exdivdate": "Sep 8 2025",
    "sharesOutClass": 5430000000.0,
    "sharesout": 5430000000.0,
    "sharesgrowthyoy": -2.118,
    "sharesgrowthqoq": -0.757,
    "float": 10834281170.0,
    "pe": 27.227,
    "peForward": 26.306,
    "ps": 8.473,
    "psForward": 7.335,
    "pb": 8.671,
    "pegRatio": null,
    "evEarnings": 26.76,
    "evSales": 8.33,
    "evEbitda": 21.96,
    "evEbit": 25.11,
    "evFcf": 46.36,
    "currentRatio": 1.904,
    "quickRatio": 1.72,
    "debtEquity": 0.11,
    "debtEbitda": 0.29,
    "debtFcf": 0.62,
    "interestCoverage": 306.383,
    "assetturnover": 0.81,
    "inventoryturnover": null,
    "shortInterest": 35349968.0,
    "shortShares": 0.651,
    "shortFloat": 0.326,
    "revenue": 371399000000.0,
    "gp": 218912000000.0,
    "opinc": 123166000000.0,
    "pretax": 139671000000.0,
    "netinc": 115573000000.0,
    "ebitda": 140841000000.0,
    "ebit": 123166000000.0,
    "debt": 41668000000.0,
    "workingcapital": 78906000000.0,
    "ncfo": 133708000000.0,
    "capex": -66980000000.0,
    "fcf": 66728000000.0,
    "grossMargin": 58.943,
    "operatingMargin": 33.163,
    "pretaxMargin": 37.607,
    "profitMargin": 31.118,
    "ebitdaMargin": 37.922,
    "ebitMargin": 33.163,
    "fcfMargin": 17.967,
    "dividendYield": 0.322,
    "dividendGrowthYears": 1.0,
    "payoutRatio": 8.95,
    "buybackYield": 2.118,
    "earningsYield": 3.673,
    "fcfYield": 2.121,
    "priceTarget": 255.05
  },
  "MSFT": {
    "industry": "\u5927\u79d1\u6280",
    "marketcap": 3892038974150.0,
    "enterpriseValue": 3909657974150.0,
    "earningsdate": "Oct 29 2025",
    "exdivdate": "Nov 20 2025",
    "sharesOutClass": 7433087554.0,
    "sharesout": 7433087554.0,
    "sharesgrowthyoy": -0.054,
    "sharesgrowthqoq": null,
    "float": 7421025717.0,
    "pe": 38.388,
    "peForward": 33.732,
    "ps": 13.815,
    "psForward": 11.824,
    "pb": 11.333,
    "pegRatio": 2.857,
    "evEarnings": 38.39,
    "evSales": 13.88,
    "evEbitda": 24.98,
    "evEbit": 30.42,
    "evFcf": 54.6,
    "currentRatio": 1.353,
    "quickRatio": 1.223,
    "debtEquity": 0.33,
    "debtEbitda": 0.69,
    "debtFcf": 1.57,
    "interestCoverage": 53.001,
    "assetturnover": 0.498,
    "inventoryturnover": 80.431,
    "shortInterest": 54926474.0,
    "shortShares": 0.739,
    "shortFloat": 0.74,
    "revenue": 281724000000.0,
    "gp": 193893000000.0,
    "opinc": 128528000000.0,
    "pretax": 123627000000.0,
    "netinc": 101832000000.0,
    "ebitda": 156528000000.0,
    "ebit": 128528000000.0,
    "debt": 112184000000.0,
    "workingcapital": 49913000000.0,
    "ncfo": 136162000000.0,
    "capex": -64551000000.0,
    "fcf": 71611000000.0,
    "grossMargin": 68.824,
    "operatingMargin": 45.622,
    "pretaxMargin": 43.882,
    "profitMargin": 36.146,
    "ebitdaMargin": 55.561,
    "ebitMargin": 45.622,
    "fcfMargin": 25.419,
    "dividendYield": 0.634,
    "dividendGrowthYears": 19.0,
    "payoutRatio": 24.927,
    "buybackYield": 0.054,
    "earningsYield": 2.616,
    "fcfYield": 1.84,
    "priceTarget": 619.72
  },
  "DAL": {
    "industry": "\u822a\u7a7a\u90f5\u8f2a",
    "marketcap": 39534477079.0,
    "enterpriseValue": 57821477079.0,
    "earningsdate": "Oct 9 2025",
    "exdivdate": "Oct 16 2025",
    "sharesOutClass": 648637852.0,
    "sharesout": 648637852.0,
    "sharesgrowthyoy": 1.006,
    "sharesgrowthqoq": 0.307,
    "float": 645301472.0,
    "pe": 8.595,
    "peForward": 8.837,
    "ps": 0.627,
    "psForward": 0.643,
    "pb": 2.1,
    "pegRatio": 1.148,
    "evEarnings": 12.49,
    "evSales": 0.92,
    "evEbitda": 7.21,
    "evEbit": 9.82,
    "evFcf": 18.81,
    "currentRatio": 0.398,
    "quickRatio": 0.262,
    "debtEquity": 1.17,
    "debtEbitda": 1.78,
    "debtFcf": 7.18,
    "interestCoverage": 8.399,
    "assetturnover": 0.812,
    "inventoryturnover": 32.979,
    "shortInterest": 16825668.0,
    "shortShares": 2.594,
    "shortFloat": 2.607,
    "revenue": 62920000000.0,
    "gp": 13287000000.0,
    "opinc": 5888000000.0,
    "pretax": 5874000000.0,
    "netinc": 4629000000.0,
    "ebitda": 8022000000.0,
    "ebit": 5888000000.0,
    "debt": 22078000000.0,
    "workingcapital": -17019000000.0,
    "ncfo": 7976000000.0,
    "capex": -4902000000.0,
    "fcf": 3074000000.0,
    "grossMargin": 21.117,
    "operatingMargin": 9.358,
    "pretaxMargin": 9.336,
    "profitMargin": 7.357,
    "ebitdaMargin": 12.75,
    "ebitMargin": 9.358,
    "fcfMargin": 4.886,
    "dividendYield": 1.231,
    "dividendGrowthYears": 1.0,
    "payoutRatio": 9.518,
    "buybackYield": -1.006,
    "earningsYield": 11.709,
    "fcfYield": 7.775,
    "priceTarget": 73.86
  },
  "BA": {
    "industry": "\u822a\u7a7a\u90f5\u8f2a",
    "marketcap": 167375505788.0,
    "enterpriseValue": 200764505788.0,
    "earningsdate": "Oct 29 2025",
    "exdivdate": null,
    "sharesOutClass": 756157695.0,
    "sharesout": 756157695.0,
    "sharesgrowthyoy": 17.301,
    "sharesgrowthqoq": 0.425,
    "float": 724301812.0,
    "pe": null,
    "peForward": null,
    "ps": 2.107,
    "psForward": 1.789,
    "pb": null,
    "pegRatio": null,
    "evEarnings": null,
    "evSales": 2.67,
    "evEbitda": null,
    "evEbit": null,
    "evFcf": null,
    "currentRatio": 1.231,
    "quickRatio": 0.336,
    "debtEquity": null,
    "debtEbitda": null,
    "debtFcf": null,
    "interestCoverage": -3.063,
    "assetturnover": 0.506,
    "inventoryturnover": 0.87,
    "shortInterest": 14933213.0,
    "shortShares": 1.975,
    "shortFloat": 2.062,
    "revenue": 75327000000.0,
    "gp": -115000000.0,
    "opinc": -8886000000.0,
    "pretax": -10802000000.0,
    "netinc": -10913000000.0,
    "ebitda": -7007000000.0,
    "ebit": -8886000000.0,
    "debt": 55647000000.0,
    "workingcapital": 23925000000.0,
    "ncfo": -6184000000.0,
    "capex": -2360000000.0,
    "fcf": -8544000000.0,
    "grossMargin": -0.153,
    "operatingMargin": -11.797,
    "pretaxMargin": -14.34,
    "profitMargin": -14.182,
    "ebitdaMargin": -9.302,
    "ebitMargin": -11.797,
    "fcfMargin": null,
    "dividendYield": null,
    "dividendGrowthYears": null,
    "payoutRatio": null,
    "buybackYield": -17.301,
    "earningsYield": -6.52,
    "fcfYield": -5.105,
    "priceTarget": 240.0
  },
  "RCL": {
    "industry": "\u822a\u7a7a\u90f5\u8f2a",
    "marketcap": 85956573007.0,
    "enterpriseValue": 104958573007.0,
    "earningsdate": "Oct 28 2025",
    "exdivdate": "Sep 25 2025",
    "sharesOutClass": 271627660.0,
    "sharesout": 271627660.0,
    "sharesgrowthyoy": -6.122,
    "sharesgrowthqoq": -0.362,
    "float": 257189804.0,
    "pe": 23.494,
    "peForward": 18.936,
    "ps": 4.926,
    "psForward": 4.523,
    "pb": 9.375,
    "pegRatio": 0.89,
    "evEarnings": 29.13,
    "evSales": 6.11,
    "evEbitda": 16.96,
    "evEbit": 23.12,
    "evFcf": 29.26,
    "currentRatio": 0.232,
    "quickRatio": 0.105,
    "debtEquity": 2.11,
    "debtEbitda": 3.07,
    "debtFcf": 5.5,
    "interestCoverage": 4.513,
    "assetturnover": 0.455,
    "inventoryturnover": 35.117,
    "shortInterest": 10930574.0,
    "shortShares": 4.024,
    "shortFloat": 4.25,
    "revenue": 17184000000.0,
    "gp": 8598000000.0,
    "opinc": 4540000000.0,
    "pretax": 3679000000.0,
    "netinc": 3603000000.0,
    "ebitda": 6189000000.0,
    "ebit": 4540000000.0,
    "debt": 19737000000.0,
    "workingcapital": -8123000000.0,
    "ncfo": 5737000000.0,
    "capex": -2150000000.0,
    "fcf": 3587000000.0,
    "grossMargin": 50.035,
    "operatingMargin": 26.42,
    "pretaxMargin": 21.409,
    "profitMargin": 20.967,
    "ebitdaMargin": 36.016,
    "ebitMargin": 26.42,
    "fcfMargin": 20.874,
    "dividendYield": 0.948,
    "dividendGrowthYears": 1.0,
    "payoutRatio": 22.644,
    "buybackYield": 6.122,
    "earningsYield": 4.192,
    "fcfYield": 4.173,
    "priceTarget": 339.95
  },
  "AAL": {
    "industry": "\u822a\u7a7a\u90f5\u8f2a",
    "marketcap": 9095991901.0,
    "enterpriseValue": 37772991901.0,
    "earningsdate": "Oct 23 2025",
    "exdivdate": null,
    "sharesOutClass": 660086495.0,
    "sharesout": 660086495.0,
    "sharesgrowthyoy": 7.276,
    "sharesgrowthqoq": -0.001,
    "float": 650484499.0,
    "pe": 15.246,
    "peForward": 8.306,
    "ps": 0.167,
    "psForward": 0.158,
    "pb": null,
    "pegRatio": 1.527,
    "evEarnings": 62.75,
    "evSales": 0.7,
    "evEbitda": 8.19,
    "evEbit": 15.95,
    "evFcf": 42.83,
    "currentRatio": 0.538,
    "quickRatio": 0.382,
    "debtEquity": null,
    "debtEbitda": 3.84,
    "debtFcf": 40.89,
    "interestCoverage": 1.342,
    "assetturnover": 0.864,
    "inventoryturnover": 15.44,
    "shortInterest": 78784800.0,
    "shortShares": 11.936,
    "shortFloat": 12.112,
    "revenue": 54294000000.0,
    "gp": 12883000000.0,
    "opinc": 2368000000.0,
    "pretax": 843000000.0,
    "netinc": 602000000.0,
    "ebitda": 4613000000.0,
    "ebit": 2368000000.0,
    "debt": 36064000000.0,
    "workingcapital": -11388000000.0,
    "ncfo": 3771000000.0,
    "capex": -2889000000.0,
    "fcf": 882000000.0,
    "grossMargin": 23.728,
    "operatingMargin": 4.361,
    "pretaxMargin": 1.553,
    "profitMargin": 1.109,
    "ebitdaMargin": 8.496,
    "ebitMargin": 4.361,
    "fcfMargin": 1.624,
    "dividendYield": null,
    "dividendGrowthYears": null,
    "payoutRatio": null,
    "buybackYield": -7.276,
    "earningsYield": 6.618,
    "fcfYield": 9.697,
    "priceTarget": 15.33
  },
  "LUV": {
    "industry": "\u822a\u7a7a\u90f5\u8f2a",
    "marketcap": 16705987771.0,
    "enterpriseValue": 18945987771.0,
    "earningsdate": "Oct 22 2025",
    "exdivdate": "Sep 3 2025",
    "sharesOutClass": 518819496.0,
    "sharesout": 518819496.0,
    "sharesgrowthyoy": -3.893,
    "sharesgrowthqoq": -2.773,
    "float": 467836789.0,
    "pe": 48.421,
    "peForward": 12.436,
    "ps": 0.655,
    "psForward": 0.557,
    "pb": 2.142,
    "pegRatio": 0.226,
    "evEarnings": 49.99,
    "evSales": 0.69,
    "evEbitda": 11.24,
    "evEbit": 52.63,
    "evFcf": null,
    "currentRatio": 0.491,
    "quickRatio": 0.376,
    "debtEquity": 0.68,
    "debtEbitda": 1.26,
    "debtFcf": null,
    "interestCoverage": 2.791,
    "assetturnover": 0.872,
    "inventoryturnover": 27.68,
    "shortInterest": 33930195.0,
    "shortShares": 6.54,
    "shortFloat": 7.253,
    "revenue": 27551000000.0,
    "gp": 5933000000.0,
    "opinc": 360000000.0,
    "pretax": 484000000.0,
    "netinc": 379000000.0,
    "ebitda": 1685000000.0,
    "ebit": 360000000.0,
    "debt": 5258000000.0,
    "workingcapital": -5599000000.0,
    "ncfo": 2023000000.0,
    "capex": -2274000000.0,
    "fcf": -251000000.0,
    "grossMargin": 21.535,
    "operatingMargin": 1.307,
    "pretaxMargin": 1.757,
    "profitMargin": 1.376,
    "ebitdaMargin": 6.116,
    "ebitMargin": 1.307,
    "fcfMargin": null,
    "dividendYield": 2.236,
    "dividendGrowthYears": null,
    "payoutRatio": 108.271,
    "buybackYield": 3.893,
    "earningsYield": 2.269,
    "fcfYield": -1.502,
    "priceTarget": 33.46
  },
  "CCL": {
    "industry": "\u822a\u7a7a\u90f5\u8f2a",
    "marketcap": 38606570045.0,
    "enterpriseValue": 64703570045.0,
    "earningsdate": "Sep 29 2025",
    "exdivdate": null,
    "sharesOutClass": 1167541049.0,
    "sharesout": 1313148641.0,
    "sharesgrowthyoy": 2.658,
    "sharesgrowthqoq": 0.143,
    "float": 1223723338.0,
    "pe": 15.169,
    "peForward": 12.372,
    "ps": 1.466,
    "psForward": 1.399,
    "pb": 3.234,
    "pegRatio": 0.55,
    "evEarnings": 24.5,
    "evSales": 2.47,
    "evEbitda": 9.27,
    "evEbit": 15.21,
    "evFcf": 22.2,
    "currentRatio": 0.338,
    "quickRatio": 0.241,
    "debtEquity": 2.34,
    "debtEbitda": 3.73,
    "debtFcf": 9.56,
    "interestCoverage": 2.96,
    "assetturnover": 0.521,
    "inventoryturnover": 24.399,
    "shortInterest": 53274870.0,
    "shortShares": 4.057,
    "shortFloat": 4.354,
    "revenue": 26230000000.0,
    "gp": 14433000000.0,
    "opinc": 4254000000.0,
    "pretax": 2657000000.0,
    "netinc": 2641000000.0,
    "ebitda": 6977000000.0,
    "ebit": 4254000000.0,
    "debt": 27860000000.0,
    "workingcapital": -7568000000.0,
    "ncfo": 5611000000.0,
    "capex": -2697000000.0,
    "fcf": 2914000000.0,
    "grossMargin": 55.025,
    "operatingMargin": 16.218,
    "pretaxMargin": 10.13,
    "profitMargin": 10.069,
    "ebitdaMargin": 26.599,
    "ebitMargin": 16.218,
    "fcfMargin": 11.109,
    "dividendYield": null,
    "dividendGrowthYears": null,
    "payoutRatio": null,
    "buybackYield": -2.658,
    "earningsYield": 6.841,
    "fcfYield": 7.548,
    "priceTarget": 33.22
  },
  "ALK": {
    "industry": "\u822a\u7a7a\u90f5\u8f2a",
    "marketcap": 5043728188.0,
    "enterpriseValue": 9242728188.0,
    "earningsdate": "Oct 23 2025",
    "exdivdate": null,
    "sharesOutClass": 115232538.0,
    "sharesout": 115232538.0,
    "sharesgrowthyoy": -4.017,
    "sharesgrowthqoq": -2.836,
    "float": 114719407.0,
    "pe": 35.72,
    "peForward": 8.748,
    "ps": 0.374,
    "psForward": 0.334,
    "pb": 1.252,
    "pegRatio": null,
    "evEarnings": 61.62,
    "evSales": 0.65,
    "evEbitda": 6.93,
    "evEbit": 15.53,
    "evFcf": null,
    "currentRatio": 0.521,
    "quickRatio": 0.429,
    "debtEquity": 1.61,
    "debtEbitda": 2.64,
    "debtFcf": null,
    "interestCoverage": 2.717,
    "assetturnover": 0.715,
    "inventoryturnover": 51.652,
    "shortInterest": 6631893.0,
    "shortShares": 5.755,
    "shortFloat": 5.781,
    "revenue": 14141000000.0,
    "gp": 3010000000.0,
    "opinc": 595000000.0,
    "pretax": 195000000.0,
    "netinc": 150000000.0,
    "ebitda": 1334000000.0,
    "ebit": 595000000.0,
    "debt": 6471000000.0,
    "workingcapital": -3193000000.0,
    "ncfo": 1338000000.0,
    "capex": -1392000000.0,
    "fcf": -54000000.0,
    "grossMargin": 21.286,
    "operatingMargin": 4.208,
    "pretaxMargin": 1.379,
    "profitMargin": 1.061,
    "ebitdaMargin": 9.434,
    "ebitMargin": 4.208,
    "fcfMargin": null,
    "dividendYield": null,
    "dividendGrowthYears": null,
    "payoutRatio": null,
    "buybackYield": 4.017,
    "earningsYield": 2.974,
    "fcfYield": -1.071,
    "priceTarget": 72.25
  },
  "UAL": {
    "industry": "\u822a\u7a7a\u90f5\u8f2a",
    "marketcap": 32150419688.0,
    "enterpriseValue": 50143419688.0,
    "earningsdate": "Oct 15 2025",
    "exdivdate": null,
    "sharesOutClass": 323737989.0,
    "sharesout": 323737989.0,
    "sharesgrowthyoy": -0.916,
    "sharesgrowthqoq": -0.092,
    "float": 320970851.0,
    "pe": 9.945,
    "peForward": 7.962,
    "ps": 0.555,
    "psForward": 0.509,
    "pb": 2.247,
    "pegRatio": 0.87,
    "evEarnings": 15.22,
    "evSales": 0.86,
    "evEbitda": 6.21,
    "evEbit": 9.49,
    "evFcf": 13.52,
    "currentRatio": 0.667,
    "quickRatio": 0.581,
    "debtEquity": 2.19,
    "debtEbitda": 2.44,
    "debtFcf": 8.44,
    "interestCoverage": 4.361,
    "assetturnover": 0.784,
    "inventoryturnover": 23.735,
    "shortInterest": 13229640.0,
    "shortShares": 4.087,
    "shortFloat": 4.122,
    "revenue": 58369000000.0,
    "gp": 20073000000.0,
    "opinc": 5285000000.0,
    "pretax": 4288000000.0,
    "netinc": 3294000000.0,
    "ebitda": 8080000000.0,
    "ebit": 5285000000.0,
    "debt": 31322000000.0,
    "workingcapital": -9025000000.0,
    "ncfo": 9369000000.0,
    "capex": -5659000000.0,
    "fcf": 3710000000.0,
    "grossMargin": 34.39,
    "operatingMargin": 9.054,
    "pretaxMargin": 7.346,
    "profitMargin": 5.643,
    "ebitdaMargin": 13.843,
    "ebitMargin": 9.054,
    "fcfMargin": 6.356,
    "dividendYield": null,
    "dividendGrowthYears": null,
    "payoutRatio": null,
    "buybackYield": 0.916,
    "earningsYield": 10.246,
    "fcfYield": 11.54,
    "priceTarget": 125.77
  },
  "C": {
    "industry": "\u9280\u884c",
    "marketcap": 176747054000.0,
    "enterpriseValue": -334581946000.0,
    "earningsdate": "Oct 14 2025",
    "exdivdate": "Nov 3 2025",
    "sharesOutClass": 1789300000.0,
    "sharesout": 1789300000.0,
    "sharesgrowthyoy": -2.073,
    "sharesgrowthqoq": -1.611,
    "float": 1783649043.0,
    "pe": 13.901,
    "peForward": 10.616,
    "ps": 2.438,
    "psForward": 1.995,
    "pb": 0.911,
    "pegRatio": 0.428,
    "evEarnings": null,
    "evSales": null,
    "evEbitda": null,
    "evEbit": null,
    "evFcf": null,
    "currentRatio": null,
    "quickRatio": null,
    "debtEquity": null,
    "debtEbitda": null,
    "debtFcf": null,
    "interestCoverage": null,
    "assetturnover": null,
    "inventoryturnover": null,
    "shortInterest": 30477845.0,
    "shortShares": 1.703,
    "shortFloat": 1.709,
    "revenue": 75384000000.0,
    "gp": 75384000000.0,
    "opinc": 20018000000.0,
    "pretax": 19819000000.0,
    "netinc": 13435000000.0,
    "ebitda": null,
    "ebit": null,
    "debt": 720332000000.0,
    "workingcapital": -730572000000.0,
    "ncfo": null,
    "capex": null,
    "fcf": null,
    "grossMargin": null,
    "operatingMargin": 26.555,
    "pretaxMargin": 26.291,
    "profitMargin": 19.488,
    "ebitdaMargin": null,
    "ebitMargin": null,
    "fcfMargin": null,
    "dividendYield": 2.43,
    "dividendGrowthYears": 2.0,
    "payoutRatio": 32.654,
    "buybackYield": 2.073,
    "earningsYield": 7.601,
    "fcfYield": null,
    "priceTarget": 104.63
  },
  "WFC": {
    "industry": "\u9280\u884c",
    "marketcap": 272099618605.0,
    "enterpriseValue": 183891618605.0,
    "earningsdate": "Oct 14 2025",
    "exdivdate": "Aug 8 2025",
    "sharesOutClass": 3148936681.0,
    "sharesout": 3148936681.0,
    "sharesgrowthyoy": -7.04,
    "sharesgrowthqoq": -1.332,
    "float": 3139445514.0,
    "pe": 14.232,
    "peForward": 12.759,
    "ps": 3.553,
    "psForward": 3.1,
    "pb": 1.654,
    "pegRatio": 0.872,
    "evEarnings": 9.21,
    "evSales": 2.33,
    "evEbitda": null,
    "evEbit": null,
    "evFcf": null,
    "currentRatio": null,
    "quickRatio": null,
    "debtEquity": null,
    "debtEbitda": null,
    "debtFcf": null,
    "interestCoverage": null,
    "assetturnover": null,
    "inventoryturnover": null,
    "shortInterest": 34569708.0,
    "shortShares": 1.098,
    "shortFloat": 1.101,
    "revenue": 79072000000.0,
    "gp": 79072000000.0,
    "opinc": 24589000000.0,
    "pretax": 24056000000.0,
    "netinc": 19972000000.0,
    "ebitda": null,
    "ebit": null,
    "debt": 419947000000.0,
    "workingcapital": -1182217000000.0,
    "ncfo": null,
    "capex": null,
    "fcf": null,
    "grossMargin": null,
    "operatingMargin": 31.097,
    "pretaxMargin": 30.423,
    "profitMargin": 26.629,
    "ebitdaMargin": null,
    "ebitMargin": null,
    "fcfMargin": null,
    "dividendYield": 2.083,
    "dividendGrowthYears": 3.0,
    "payoutRatio": 27.176,
    "buybackYield": 7.04,
    "earningsYield": 7.34,
    "fcfYield": null,
    "priceTarget": 89.96
  },
  "SOFI": {
    "industry": "\u9280\u884c",
    "marketcap": 34738027401.0,
    "enterpriseValue": 36698489401.0,
    "earningsdate": "Oct 28 2025",
    "exdivdate": null,
    "sharesOutClass": 1197450100.0,
    "sharesout": 1197450100.0,
    "sharesgrowthyoy": 18.549,
    "sharesgrowthqoq": -0.218,
    "float": 1177165676.0,
    "pe": 59.273,
    "peForward": 66.218,
    "ps": 10.449,
    "psForward": 8.929,
    "pb": 4.708,
    "pegRatio": 2.504,
    "evEarnings": 65.35,
    "evSales": 12.11,
    "evEbitda": null,
    "evEbit": null,
    "evFcf": null,
    "currentRatio": 1.159,
    "quickRatio": 0.475,
    "debtEquity": 0.6,
    "debtEbitda": null,
    "debtFcf": null,
    "interestCoverage": null,
    "assetturnover": 0.082,
    "inventoryturnover": null,
    "shortInterest": 103329966.0,
    "shortShares": 8.629,
    "shortFloat": 8.778,
    "revenue": 3029346000.0,
    "gp": 2491520000.0,
    "opinc": 316368000.0,
    "pretax": 315753000.0,
    "netinc": 561597000.0,
    "ebitda": null,
    "ebit": null,
    "debt": 4093558000.0,
    "workingcapital": 4803879000.0,
    "ncfo": -2819090000.0,
    "capex": -201638000.0,
    "fcf": -3020728000.0,
    "grossMargin": 82.246,
    "operatingMargin": 10.443,
    "pretaxMargin": 10.423,
    "profitMargin": 18.539,
    "ebitdaMargin": null,
    "ebitMargin": null,
    "fcfMargin": null,
    "dividendYield": null,
    "dividendGrowthYears": null,
    "payoutRatio": null,
    "buybackYield": -18.549,
    "earningsYield": 1.617,
    "fcfYield": -8.696,
    "priceTarget": 21.3
  },
  "GS": {
    "industry": "\u9280\u884c",
    "marketcap": 248107940785.0,
    "enterpriseValue": 76107940785.0,
    "earningsdate": "Oct 14 2025",
    "exdivdate": "Dec 2 2025",
    "sharesOutClass": 316512656.0,
    "sharesout": 316512656.0,
    "sharesgrowthyoy": -5.957,
    "sharesgrowthqoq": -0.521,
    "float": 314666943.0,
    "pe": 15.72,
    "peForward": 14.535,
    "ps": 4.329,
    "psForward": 3.978,
    "pb": 2.28,
    "pegRatio": 0.988,
    "evEarnings": 4.82,
    "evSales": 1.33,
    "evEbitda": null,
    "evEbit": null,
    "evFcf": null,
    "currentRatio": 2.649,
    "quickRatio": 2.063,
    "debtEquity": 5.24,
    "debtEbitda": null,
    "debtFcf": null,
    "interestCoverage": null,
    "assetturnover": 0.032,
    "inventoryturnover": null,
    "shortInterest": 5941212.0,
    "shortShares": 1.877,
    "shortFloat": 1.888,
    "revenue": 57337000000.0,
    "gp": 47588000000.0,
    "opinc": 21482000000.0,
    "pretax": 21254000000.0,
    "netinc": 15789000000.0,
    "ebitda": null,
    "ebit": null,
    "debt": 650000000000.0,
    "workingcapital": 976000000000.0,
    "ncfo": null,
    "capex": null,
    "fcf": null,
    "grossMargin": 82.997,
    "operatingMargin": 37.466,
    "pretaxMargin": 37.069,
    "profitMargin": 29.074,
    "ebitdaMargin": null,
    "ebitMargin": null,
    "fcfMargin": null,
    "dividendYield": 2.041,
    "dividendGrowthYears": 13.0,
    "payoutRatio": 28.076,
    "buybackYield": 5.957,
    "earningsYield": 6.364,
    "fcfYield": null,
    "priceTarget": 748.77
  },
  "BAC": {
    "industry": "\u9280\u884c",
    "marketcap": 385307710808.0,
    "enterpriseValue": 175536710808.0,
    "earningsdate": "Oct 15 2025",
    "exdivdate": "Sep 5 2025",
    "sharesOutClass": 7329421929.0,
    "sharesout": 7329421929.0,
    "sharesgrowthyoy": -2.313,
    "sharesgrowthqoq": -0.32,
    "float": 7301046565.0,
    "pe": 14.37,
    "peForward": 12.434,
    "ps": 3.946,
    "psForward": 3.354,
    "pb": 1.385,
    "pegRatio": 0.84,
    "evEarnings": 6.21,
    "evSales": 1.73,
    "evEbitda": null,
    "evEbit": null,
    "evFcf": null,
    "currentRatio": null,
    "quickRatio": null,
    "debtEquity": null,
    "debtEbitda": null,
    "debtFcf": null,
    "interestCoverage": null,
    "assetturnover": null,
    "inventoryturnover": null,
    "shortInterest": 113280828.0,
    "shortShares": 1.546,
    "shortFloat": 1.552,
    "revenue": 101445000000.0,
    "gp": 101445000000.0,
    "opinc": 32368000000.0,
    "pretax": 32368000000.0,
    "netinc": 28254000000.0,
    "ebitda": null,
    "ebit": null,
    "debt": 747929000000.0,
    "workingcapital": -1723063000000.0,
    "ncfo": null,
    "capex": null,
    "fcf": null,
    "grossMargin": null,
    "operatingMargin": 31.907,
    "pretaxMargin": 31.907,
    "profitMargin": 29.224,
    "ebitdaMargin": null,
    "ebitMargin": null,
    "fcfMargin": null,
    "dividendYield": 2.13,
    "dividendGrowthYears": 11.0,
    "payoutRatio": 28.974,
    "buybackYield": 2.313,
    "earningsYield": 7.333,
    "fcfYield": null,
    "priceTarget": 55.21
  },
  "JPM": {
    "industry": "\u9280\u884c",
    "marketcap": 817857768000.0,
    "enterpriseValue": 274591768000.0,
    "earningsdate": "Oct 14 2025",
    "exdivdate": "Oct 6 2025",
    "sharesOutClass": 2722200000.0,
    "sharesout": 2722200000.0,
    "sharesgrowthyoy": -3.149,
    "sharesgrowthqoq": -0.934,
    "float": 2707459771.0,
    "pe": 14.885,
    "peForward": 14.463,
    "ps": 5.037,
    "psForward": 4.364,
    "pb": 2.404,
    "pegRatio": 1.906,
    "evEarnings": 4.85,
    "evSales": 1.64,
    "evEbitda": null,
    "evEbit": null,
    "evFcf": null,
    "currentRatio": null,
    "quickRatio": null,
    "debtEquity": null,
    "debtEbitda": null,
    "debtFcf": null,
    "interestCoverage": null,
    "assetturnover": null,
    "inventoryturnover": null,
    "shortInterest": 27060820.0,
    "shortShares": 0.994,
    "shortFloat": 0.999,
    "revenue": 167126000000.0,
    "gp": 167126000000.0,
    "opinc": 72973000000.0,
    "pretax": 72810000000.0,
    "netinc": 56660000000.0,
    "ebitda": null,
    "ebit": null,
    "debt": 1138762000000.0,
    "workingcapital": -1674794000000.0,
    "ncfo": null,
    "capex": null,
    "fcf": null,
    "grossMargin": null,
    "operatingMargin": 43.663,
    "pretaxMargin": 43.566,
    "profitMargin": 34.721,
    "ebitdaMargin": null,
    "ebitMargin": null,
    "fcfMargin": null,
    "dividendYield": 1.997,
    "dividendGrowthYears": 14.0,
    "payoutRatio": 27.497,
    "buybackYield": 3.149,
    "earningsYield": 6.928,
    "fcfYield": null,
    "priceTarget": 325.69
  },
  "NU": {
    "industry": "\u9280\u884c",
    "marketcap": 76544494916.0,
    "enterpriseValue": 65913585916.0,
    "earningsdate": "Nov 13 2025",
    "exdivdate": null,
    "sharesOutClass": 3781753779.0,
    "sharesout": 4832354477.0,
    "sharesgrowthyoy": 0.44,
    "sharesgrowthqoq": 0.078,
    "float": 3619030220.0,
    "pe": 33.734,
    "peForward": 23.363,
    "ps": 13.032,
    "psForward": 4.665,
    "pb": 7.994,
    "pegRatio": null,
    "evEarnings": 28.66,
    "evSales": 11.27,
    "evEbitda": null,
    "evEbit": null,
    "evFcf": null,
    "currentRatio": null,
    "quickRatio": null,
    "debtEquity": null,
    "debtEbitda": null,
    "debtFcf": null,
    "interestCoverage": null,
    "assetturnover": null,
    "inventoryturnover": null,
    "shortInterest": 102191494.0,
    "shortShares": 2.115,
    "shortFloat": 2.824,
    "revenue": 5849261000.0,
    "gp": 5849261000.0,
    "opinc": 3167830000.0,
    "pretax": 3165675000.0,
    "netinc": 2300067000.0,
    "ebitda": null,
    "ebit": null,
    "debt": 3492115000.0,
    "workingcapital": -24730360000.0,
    "ncfo": -7625015000.0,
    "capex": -9812000.0,
    "fcf": -7634827000.0,
    "grossMargin": null,
    "operatingMargin": 54.158,
    "pretaxMargin": 54.121,
    "profitMargin": 39.322,
    "ebitdaMargin": null,
    "ebitMargin": null,
    "fcfMargin": null,
    "dividendYield": null,
    "dividendGrowthYears": null,
    "payoutRatio": null,
    "buybackYield": -0.44,
    "earningsYield": 3.005,
    "fcfYield": -9.974,
    "priceTarget": 16.4
  },
  "TRV": {
    "industry": "\u50b3\u7d71",
    "marketcap": 60202585614.0,
    "enterpriseValue": 68877585614.0,
    "earningsdate": "Oct 16 2025",
    "exdivdate": "Dec 10 2025",
    "sharesOutClass": 223063417.0,
    "sharesout": 223063417.0,
    "sharesgrowthyoy": -0.865,
    "sharesgrowthqoq": -0.785,
    "float": 221891439.0,
    "pe": 10.609,
    "peForward": 10.159,
    "ps": 1.26,
    "psForward": 1.283,
    "pb": 1.904,
    "pegRatio": 2.473,
    "evEarnings": 11.81,
    "evSales": 1.42,
    "evEbitda": 8.22,
    "evEbit": 8.95,
    "evFcf": null,
    "currentRatio": 0.338,
    "quickRatio": 0.205,
    "debtEquity": 0.29,
    "debtEbitda": 1.1,
    "debtFcf": null,
    "interestCoverage": 18.904,
    "assetturnover": 0.348,
    "inventoryturnover": null,
    "shortInterest": 3932154.0,
    "shortShares": 1.763,
    "shortFloat": 1.772,
    "revenue": 48404000000.0,
    "gp": 13745000000.0,
    "opinc": 7694000000.0,
    "pretax": 7287000000.0,
    "netinc": 5831000000.0,
    "ebitda": 8375000000.0,
    "ebit": 7694000000.0,
    "debt": 9267000000.0,
    "workingcapital": -61227000000.0,
    "ncfo": 9985000000.0,
    "capex": null,
    "fcf": null,
    "grossMargin": 28.396,
    "operatingMargin": 15.895,
    "pretaxMargin": 15.055,
    "profitMargin": 12.135,
    "ebitdaMargin": 17.302,
    "ebitMargin": 15.895,
    "fcfMargin": null,
    "dividendYield": 1.63,
    "dividendGrowthYears": 19.0,
    "payoutRatio": 17.099,
    "buybackYield": 0.865,
    "earningsYield": 9.686,
    "fcfYield": null,
    "priceTarget": 289.58
  },
  "ISRG": {
    "industry": "\u50b3\u7d71",
    "marketcap": 194262057124.0,
    "enterpriseValue": 189353257124.0,
    "earningsdate": "Oct 21 2025",
    "exdivdate": null,
    "sharesOutClass": 355459291.0,
    "sharesout": 355459291.0,
    "sharesgrowthyoy": 0.818,
    "sharesgrowthqoq": -0.632,
    "float": 353282792.0,
    "pe": 72.308,
    "peForward": 59.185,
    "ps": 20.311,
    "psForward": 17.623,
    "pb": 11.457,
    "pegRatio": 3.461,
    "evEarnings": 68.93,
    "evSales": 19.7,
    "evEbitda": 55.5,
    "evEbit": 66.74,
    "evFcf": 83.37,
    "currentRatio": 4.728,
    "quickRatio": 3.49,
    "debtEquity": null,
    "debtEbitda": null,
    "debtFcf": null,
    "interestCoverage": null,
    "assetturnover": 0.518,
    "inventoryturnover": 1.981,
    "shortInterest": 8224603.0,
    "shortShares": 2.314,
    "shortFloat": 2.328,
    "revenue": 9612000000.0,
    "gp": 6380200000.0,
    "opinc": 2837300000.0,
    "pretax": 3165600000.0,
    "netinc": 2746900000.0,
    "ebitda": 3411900000.0,
    "ebit": 2837300000.0,
    "debt": null,
    "workingcapital": 6722100000.0,
    "ncfo": 2960600000.0,
    "capex": -689300000.0,
    "fcf": 2271300000.0,
    "grossMargin": 66.377,
    "operatingMargin": 29.518,
    "pretaxMargin": 32.934,
    "profitMargin": 28.578,
    "ebitdaMargin": 35.496,
    "ebitMargin": 29.518,
    "fcfMargin": 23.63,
    "dividendYield": null,
    "dividendGrowthYears": null,
    "payoutRatio": null,
    "buybackYield": -0.818,
    "earningsYield": 1.414,
    "fcfYield": 1.169,
    "priceTarget": 595.47
  },
  "CVS": {
    "industry": "\u50b3\u7d71",
    "marketcap": 103913979904.0,
    "enterpriseValue": 172464979904.0,
    "earningsdate": "Oct 29 2025",
    "exdivdate": "Oct 23 2025",
    "sharesOutClass": 1268326375.0,
    "sharesout": 1268326375.0,
    "sharesgrowthyoy": -1.018,
    "sharesgrowthqoq": 0.475,
    "float": 1265701980.0,
    "pe": 22.82,
    "peForward": 12.322,
    "ps": 0.269,
    "psForward": 0.257,
    "pb": 1.342,
    "pegRatio": 0.64,
    "evEarnings": 38.06,
    "evSales": 0.45,
    "evEbitda": 12.34,
    "evEbit": 18.47,
    "evFcf": 36.08,
    "currentRatio": 0.803,
    "quickRatio": 0.582,
    "debtEquity": 1.07,
    "debtEbitda": 4.88,
    "debtFcf": 17.31,
    "interestCoverage": 3.054,
    "assetturnover": 1.505,
    "inventoryturnover": 19.883,
    "shortInterest": 18936807.0,
    "shortShares": 1.493,
    "shortFloat": 1.496,
    "revenue": 384329000000.0,
    "gp": 51134000000.0,
    "opinc": 9340000000.0,
    "pretax": 6495000000.0,
    "netinc": 4531000000.0,
    "ebitda": 13973000000.0,
    "ebit": 9340000000.0,
    "debt": 82724000000.0,
    "workingcapital": -18513000000.0,
    "ncfo": 7568000000.0,
    "capex": -2788000000.0,
    "fcf": 4780000000.0,
    "grossMargin": 13.305,
    "operatingMargin": 2.43,
    "pretaxMargin": 1.69,
    "profitMargin": 1.179,
    "ebitdaMargin": 3.636,
    "ebitMargin": 2.43,
    "fcfMargin": 1.244,
    "dividendYield": 3.247,
    "dividendGrowthYears": 3.0,
    "payoutRatio": 74.088,
    "buybackYield": 1.018,
    "earningsYield": 4.36,
    "fcfYield": 4.6,
    "priceTarget": 82.06
  },
  "UNH": {
    "industry": "\u50b3\u7d71",
    "marketcap": 328306689063.0,
    "enterpriseValue": 378903689063.0,
    "earningsdate": "Oct 28 2025",
    "exdivdate": "Sep 15 2025",
    "sharesOutClass": 905673625.0,
    "sharesout": 905673625.0,
    "sharesgrowthyoy": -1.074,
    "sharesgrowthqoq": -0.871,
    "float": 897809128.0,
    "pe": 15.682,
    "peForward": 22.687,
    "ps": 0.785,
    "psForward": 0.709,
    "pb": 3.463,
    "pegRatio": null,
    "evEarnings": 17.79,
    "evSales": 0.9,
    "evEbitda": 11.28,
    "evEbit": 12.32,
    "evFcf": 14.99,
    "currentRatio": 0.846,
    "quickRatio": 0.765,
    "debtEquity": 0.76,
    "debtEbitda": 2.26,
    "debtFcf": 3.13,
    "interestCoverage": 7.496,
    "assetturnover": 1.422,
    "inventoryturnover": null,
    "shortInterest": 13181807.0,
    "shortShares": 1.455,
    "shortFloat": 1.468,
    "revenue": 422818000000.0,
    "gp": 88123000000.0,
    "opinc": 30750000000.0,
    "pretax": 26593000000.0,
    "netinc": 21296000000.0,
    "ebitda": 33577000000.0,
    "ebit": 30750000000.0,
    "debt": 79193000000.0,
    "workingcapital": -17082000000.0,
    "ncfo": 28958000000.0,
    "capex": -3687000000.0,
    "fcf": 25271000000.0,
    "grossMargin": 20.842,
    "operatingMargin": 7.273,
    "pretaxMargin": 6.289,
    "profitMargin": 5.037,
    "ebitdaMargin": 7.941,
    "ebitMargin": 7.273,
    "fcfMargin": 5.977,
    "dividendYield": 2.439,
    "dividendGrowthYears": 15.0,
    "payoutRatio": 37.291,
    "buybackYield": 1.074,
    "earningsYield": 6.487,
    "fcfYield": 7.697,
    "priceTarget": 403.76
  },
  "DIS": {
    "industry": "\u50b3\u7d71",
    "marketcap": 200793250469.0,
    "enterpriseValue": 237689250469.0,
    "earningsdate": "Nov 13 2025",
    "exdivdate": "Jun 24 2025",
    "sharesOutClass": 1797933833.0,
    "sharesout": 1797933833.0,
    "sharesgrowthyoy": -1.131,
    "sharesgrowthqoq": -0.496,
    "float": 1792854071.0,
    "pe": 17.529,
    "peForward": 18.164,
    "ps": 2.136,
    "psForward": 1.998,
    "pb": 1.839,
    "pegRatio": 1.477,
    "evEarnings": 20.58,
    "evSales": 2.51,
    "evEbitda": 12.19,
    "evEbit": 16.65,
    "evFcf": 20.58,
    "currentRatio": 0.722,
    "quickRatio": 0.569,
    "debtEquity": 0.37,
    "debtEbitda": 2.02,
    "debtFcf": 3.66,
    "interestCoverage": 7.404,
    "assetturnover": 0.479,
    "inventoryturnover": 15.099,
    "shortInterest": 19442855.0,
    "shortShares": 1.081,
    "shortFloat": 1.084,
    "revenue": 94535000000.0,
    "gp": 35557000000.0,
    "opinc": 14274000000.0,
    "pretax": 10906000000.0,
    "netinc": 11551000000.0,
    "ebitda": 19491000000.0,
    "ebit": 14274000000.0,
    "debt": 42263000000.0,
    "workingcapital": -9152000000.0,
    "ncfo": 19145000000.0,
    "capex": -7597000000.0,
    "fcf": 11548000000.0,
    "grossMargin": 37.613,
    "operatingMargin": 15.099,
    "pretaxMargin": 11.536,
    "profitMargin": 12.219,
    "ebitdaMargin": 20.618,
    "ebitMargin": 15.099,
    "fcfMargin": 12.216,
    "dividendYield": 0.895,
    "dividendGrowthYears": 1.0,
    "payoutRatio": 15.696,
    "buybackYield": 1.131,
    "earningsYield": 5.753,
    "fcfYield": 5.751,
    "priceTarget": 133.53
  },
  "ABBV": {
    "industry": "\u50b3\u7d71",
    "marketcap": 402757616101.0,
    "enterpriseValue": 466875616101.0,
    "earningsdate": "Oct 31 2025",
    "exdivdate": "Oct 15 2025",
    "sharesOutClass": 1766558253.0,
    "sharesout": 1766558253.0,
    "sharesgrowthyoy": 0.028,
    "sharesgrowthqoq": -0.056,
    "float": 1762253231.0,
    "pe": 108.558,
    "peForward": 19.378,
    "ps": 6.913,
    "psForward": 6.246,
    "pb": null,
    "pegRatio": 1.371,
    "evEarnings": 125.4,
    "evSales": 8.0,
    "evEbitda": 16.63,
    "evEbit": 23.57,
    "evFcf": 25.6,
    "currentRatio": 0.736,
    "quickRatio": 0.48,
    "debtEquity": null,
    "debtEbitda": 2.48,
    "debtFcf": 3.87,
    "interestCoverage": 6.92,
    "assetturnover": 0.418,
    "inventoryturnover": 3.655,
    "shortInterest": 16289679.0,
    "shortShares": 0.922,
    "shortFloat": 0.924,
    "revenue": 58328000000.0,
    "gp": 41556000000.0,
    "opinc": 19804000000.0,
    "pretax": 3030000000.0,
    "netinc": 3723000000.0,
    "ebitda": 28074000000.0,
    "ebit": 19804000000.0,
    "debt": 70585000000.0,
    "workingcapital": -10506000000.0,
    "ncfo": 19283000000.0,
    "capex": -1044000000.0,
    "fcf": 18239000000.0,
    "grossMargin": 71.245,
    "operatingMargin": 33.953,
    "pretaxMargin": 5.195,
    "profitMargin": 6.451,
    "ebitdaMargin": 48.131,
    "ebitMargin": 33.953,
    "fcfMargin": 31.27,
    "dividendYield": 2.877,
    "dividendGrowthYears": 53.0,
    "payoutRatio": 312.357,
    "buybackYield": -0.028,
    "earningsYield": 0.924,
    "fcfYield": 4.529,
    "priceTarget": 233.74
  },
  "MA": {
    "industry": "\u652f\u4ed8",
    "marketcap": 518604470532.0,
    "enterpriseValue": 528207470532.0,
    "earningsdate": "Oct 30 2025",
    "exdivdate": "Oct 9 2025",
    "sharesOutClass": 897274172.0,
    "sharesout": 904011837.0,
    "sharesgrowthyoy": -2.189,
    "sharesgrowthqoq": -0.547,
    "float": 895992317.0,
    "pe": 38.682,
    "peForward": 32.646,
    "ps": 17.348,
    "psForward": 14.575,
    "pb": 66.184,
    "pegRatio": 2.264,
    "evEarnings": 38.88,
    "evSales": 17.47,
    "evEbitda": 28.14,
    "evEbit": 29.74,
    "evFcf": 31.91,
    "currentRatio": 1.163,
    "quickRatio": 0.712,
    "debtEquity": 2.41,
    "debtEbitda": 1.01,
    "debtFcf": 1.15,
    "interestCoverage": 24.668,
    "assetturnover": 0.645,
    "inventoryturnover": null,
    "shortInterest": 5562433.0,
    "shortShares": 0.615,
    "shortFloat": 0.621,
    "revenue": 30241000000.0,
    "gp": 30241000000.0,
    "opinc": 17761000000.0,
    "pretax": 16460000000.0,
    "netinc": 13586000000.0,
    "ebitda": 18773000000.0,
    "ebit": 17761000000.0,
    "debt": 18970000000.0,
    "workingcapital": 3111000000.0,
    "ncfo": 16953000000.0,
    "capex": -401000000.0,
    "fcf": 16552000000.0,
    "grossMargin": 100.0,
    "operatingMargin": 58.732,
    "pretaxMargin": 54.429,
    "profitMargin": 44.926,
    "ebitdaMargin": 62.078,
    "ebitMargin": 58.732,
    "fcfMargin": 54.734,
    "dividendYield": 0.53,
    "dividendGrowthYears": 13.0,
    "payoutRatio": 20.499,
    "buybackYield": 2.189,
    "earningsYield": 2.62,
    "fcfYield": 3.192,
    "priceTarget": 638.89
  },
  "PYPL": {
    "industry": "\u652f\u4ed8",
    "marketcap": 66656751317.0,
    "enterpriseValue": 68820751317.0,
    "earningsdate": "Oct 28 2025",
    "exdivdate": null,
    "sharesOutClass": 955378405.0,
    "sharesout": 955378405.0,
    "sharesgrowthyoy": -6.698,
    "sharesgrowthqoq": -2.202,
    "float": 952109162.0,
    "pe": 14.951,
    "peForward": 12.979,
    "ps": 2.141,
    "psForward": 1.921,
    "pb": 3.316,
    "pegRatio": 1.176,
    "evEarnings": 14.71,
    "evSales": 2.13,
    "evEbitda": 10.53,
    "evEbit": 11.38,
    "evFcf": 13.0,
    "currentRatio": 1.329,
    "quickRatio": 0.249,
    "debtEquity": 0.6,
    "debtEbitda": 1.82,
    "debtFcf": 2.3,
    "interestCoverage": 14.395,
    "assetturnover": 0.394,
    "inventoryturnover": null,
    "shortInterest": 34624386.0,
    "shortShares": 3.624,
    "shortFloat": 3.637,
    "revenue": 32292000000.0,
    "gp": 13460000000.0,
    "opinc": 6046000000.0,
    "pretax": 5853000000.0,
    "netinc": 4679000000.0,
    "ebitda": 6536000000.0,
    "ebit": 6046000000.0,
    "debt": 12172000000.0,
    "workingcapital": 14829000000.0,
    "ncfo": 6066000000.0,
    "capex": -774000000.0,
    "fcf": 5292000000.0,
    "grossMargin": 41.682,
    "operatingMargin": 18.723,
    "pretaxMargin": 18.125,
    "profitMargin": 14.49,
    "ebitdaMargin": 20.24,
    "ebitMargin": 18.723,
    "fcfMargin": 16.388,
    "dividendYield": null,
    "dividendGrowthYears": null,
    "payoutRatio": null,
    "buybackYield": 6.698,
    "earningsYield": 7.02,
    "fcfYield": 7.939,
    "priceTarget": 80.87
  },
  "V": {
    "industry": "\u652f\u4ed8",
    "marketcap": 669262619252.0,
    "enterpriseValue": 675220619252.0,
    "earningsdate": "Oct 28 2025",
    "exdivdate": "Aug 12 2025",
    "sharesOutClass": 1698682527.0,
    "sharesout": 1926600896.0,
    "sharesgrowthyoy": -3.143,
    "sharesgrowthqoq": -0.76,
    "float": 1759942313.0,
    "pe": 33.91,
    "peForward": 27.998,
    "ps": 16.465,
    "psForward": 15.251,
    "pb": 17.739,
    "pegRatio": 2.152,
    "evEarnings": 33.66,
    "evSales": 17.36,
    "evEbitda": 24.79,
    "evEbit": 25.91,
    "evFcf": 30.58,
    "currentRatio": 1.115,
    "quickRatio": 0.781,
    "debtEquity": 0.65,
    "debtEbitda": 0.92,
    "debtFcf": 1.14,
    "interestCoverage": 46.953,
    "assetturnover": 0.407,
    "inventoryturnover": null,
    "shortInterest": 27885185.0,
    "shortShares": 1.447,
    "shortFloat": 1.584,
    "revenue": 38893000000.0,
    "gp": 38030000000.0,
    "opinc": 26059000000.0,
    "pretax": 24343000000.0,
    "netinc": 20060000000.0,
    "ebitda": 27237000000.0,
    "ebit": 26059000000.0,
    "debt": 25138000000.0,
    "workingcapital": 3971000000.0,
    "ncfo": 23485000000.0,
    "capex": -1402000000.0,
    "fcf": 22083000000.0,
    "grossMargin": 97.781,
    "operatingMargin": 67.002,
    "pretaxMargin": 62.59,
    "profitMargin": 52.158,
    "ebitdaMargin": 70.031,
    "ebitMargin": 67.002,
    "fcfMargin": 56.779,
    "dividendYield": 0.679,
    "dividendGrowthYears": 17.0,
    "payoutRatio": 23.038,
    "buybackYield": 3.143,
    "earningsYield": 2.997,
    "fcfYield": 3.3,
    "priceTarget": 393.29
  },
  "AXP": {
    "industry": "\u652f\u4ed8",
    "marketcap": 246305797047.0,
    "enterpriseValue": 252812797047.0,
    "earningsdate": "Oct 17 2025",
    "exdivdate": "Oct 10 2025",
    "sharesOutClass": 688851653.0,
    "sharesout": 688851653.0,
    "sharesgrowthyoy": -2.678,
    "sharesgrowthqoq": -0.858,
    "float": 535681771.0,
    "pe": 24.036,
    "peForward": 21.495,
    "ps": 3.821,
    "psForward": 3.202,
    "pb": 7.6,
    "pegRatio": 1.689,
    "evEarnings": 24.28,
    "evSales": 3.87,
    "evEbitda": null,
    "evEbit": null,
    "evFcf": 13.35,
    "currentRatio": 1.602,
    "quickRatio": 1.579,
    "debtEquity": 1.85,
    "debtEbitda": null,
    "debtFcf": 3.17,
    "interestCoverage": null,
    "assetturnover": 0.23,
    "inventoryturnover": null,
    "shortInterest": 9854885.0,
    "shortShares": 1.431,
    "shortFloat": 1.84,
    "revenue": 65294000000.0,
    "gp": 41876000000.0,
    "opinc": 13421000000.0,
    "pretax": 13461000000.0,
    "netinc": 10411000000.0,
    "ebitda": null,
    "ebit": null,
    "debt": 60060000000.0,
    "workingcapital": 100446000000.0,
    "ncfo": 21139000000.0,
    "capex": -2201000000.0,
    "fcf": 18938000000.0,
    "grossMargin": 64.135,
    "operatingMargin": 20.555,
    "pretaxMargin": 20.616,
    "profitMargin": 16.144,
    "ebitdaMargin": null,
    "ebitMargin": null,
    "fcfMargin": 29.004,
    "dividendYield": 0.917,
    "dividendGrowthYears": 3.0,
    "payoutRatio": 21.242,
    "buybackYield": 2.678,
    "earningsYield": 4.227,
    "fcfYield": 7.689,
    "priceTarget": 327.57
  },
  "EL": {
    "industry": "\u96f6\u552e",
    "marketcap": 36814080621.0,
    "enterpriseValue": 43360080621.0,
    "earningsdate": "Oct 30 2025",
    "exdivdate": "Sep 2 2025",
    "sharesOutClass": 234815064.0,
    "sharesout": 360357093.0,
    "sharesgrowthyoy": -0.194,
    "sharesgrowthqoq": -0.194,
    "float": 233654107.0,
    "pe": null,
    "peForward": 48.887,
    "ps": 2.568,
    "psForward": 2.413,
    "pb": 9.509,
    "pegRatio": 1.358,
    "evEarnings": null,
    "evSales": 3.03,
    "evEbitda": 22.12,
    "evEbit": 38.34,
    "evFcf": 64.72,
    "currentRatio": 1.301,
    "quickRatio": 0.819,
    "debtEquity": 2.45,
    "debtEbitda": 3.46,
    "debtFcf": 14.13,
    "interestCoverage": 3.168,
    "assetturnover": 0.689,
    "inventoryturnover": 1.756,
    "shortInterest": 9129695.0,
    "shortShares": 2.534,
    "shortFloat": 3.907,
    "revenue": 14326000000.0,
    "gp": 10596000000.0,
    "opinc": 1131000000.0,
    "pretax": -1040000000.0,
    "netinc": -1133000000.0,
    "ebitda": 1960000000.0,
    "ebit": 1131000000.0,
    "debt": 9467000000.0,
    "workingcapital": 1634000000.0,
    "ncfo": 1272000000.0,
    "capex": -602000000.0,
    "fcf": 670000000.0,
    "grossMargin": 73.963,
    "operatingMargin": 7.895,
    "pretaxMargin": -7.26,
    "profitMargin": -7.909,
    "ebitdaMargin": 13.681,
    "ebitMargin": 7.895,
    "fcfMargin": 4.677,
    "dividendYield": 1.37,
    "dividendGrowthYears": null,
    "payoutRatio": null,
    "buybackYield": 0.194,
    "earningsYield": -3.078,
    "fcfYield": 1.82,
    "priceTarget": 90.95
  },
  "DG": {
    "industry": "\u96f6\u552e",
    "marketcap": 22448613796.0,
    "enterpriseValue": 38231980796.0,
    "earningsdate": "Dec 4 2025",
    "exdivdate": "Oct 7 2025",
    "sharesOutClass": 220106028.0,
    "sharesout": 220106028.0,
    "sharesgrowthyoy": 0.133,
    "sharesgrowthqoq": 0.327,
    "float": 218437188.0,
    "pe": 18.88,
    "peForward": 15.877,
    "ps": 0.539,
    "psForward": 0.504,
    "pb": 2.802,
    "pegRatio": 2.433,
    "evEarnings": 32.1,
    "evSales": 0.92,
    "evEbitda": 12.63,
    "evEbit": 18.96,
    "evFcf": 20.67,
    "currentRatio": 1.253,
    "quickRatio": 0.204,
    "debtEquity": 2.13,
    "debtEbitda": 3.18,
    "debtFcf": 9.23,
    "interestCoverage": 7.873,
    "assetturnover": 1.313,
    "inventoryturnover": 4.275,
    "shortInterest": 8669278.0,
    "shortShares": 3.939,
    "shortFloat": 3.969,
    "revenue": 41651642000.0,
    "gp": 12558825000.0,
    "opinc": 2016249000.0,
    "pretax": 1533461000.0,
    "netinc": 1191100000.0,
    "ebitda": 3026482000.0,
    "ebit": 2016249000.0,
    "debt": 17067934000.0,
    "workingcapital": 1697013000.0,
    "ncfo": 3158190000.0,
    "capex": -1308123000.0,
    "fcf": 1850067000.0,
    "grossMargin": 30.152,
    "operatingMargin": 4.841,
    "pretaxMargin": 3.682,
    "profitMargin": 2.86,
    "ebitdaMargin": 7.266,
    "ebitMargin": 4.841,
    "fcfMargin": 4.442,
    "dividendYield": 2.314,
    "dividendGrowthYears": 1.0,
    "payoutRatio": 43.688,
    "buybackYield": -0.133,
    "earningsYield": 5.306,
    "fcfYield": 8.241,
    "priceTarget": 116.05
  },
  "LULU": {
    "industry": "\u96f6\u552e",
    "marketcap": 21128118941.0,
    "enterpriseValue": 21735042941.0,
    "earningsdate": "Dec 4 2025",
    "exdivdate": null,
    "sharesOutClass": 113468082.0,
    "sharesout": 118584043.0,
    "sharesgrowthyoy": -3.863,
    "sharesgrowthqoq": -0.962,
    "float": 109026573.0,
    "pe": 12.103,
    "peForward": 14.569,
    "ps": 1.979,
    "psForward": 1.86,
    "pb": 4.83,
    "pegRatio": 1.873,
    "evEarnings": 12.17,
    "evSales": 1.99,
    "evEbitda": 7.3,
    "evEbit": 8.71,
    "evFcf": 18.61,
    "currentRatio": 2.266,
    "quickRatio": 0.832,
    "debtEquity": 0.4,
    "debtEbitda": 0.49,
    "debtFcf": 1.51,
    "interestCoverage": null,
    "assetturnover": 1.529,
    "inventoryturnover": 2.83,
    "shortInterest": 8600626.0,
    "shortShares": 7.253,
    "shortFloat": 7.889,
    "revenue": 10904036000.0,
    "gp": 6443886000.0,
    "opinc": 2495268000.0,
    "pretax": 2545894000.0,
    "netinc": 1785750000.0,
    "ebitda": 2976704000.0,
    "ebit": 2495268000.0,
    "debt": 1762718000.0,
    "workingcapital": 1971382000.0,
    "ncfo": 1911771000.0,
    "capex": -743626000.0,
    "fcf": 1168145000.0,
    "grossMargin": 59.096,
    "operatingMargin": 22.884,
    "pretaxMargin": 23.348,
    "profitMargin": 16.377,
    "ebitdaMargin": 27.299,
    "ebitMargin": 22.884,
    "fcfMargin": 10.713,
    "dividendYield": null,
    "dividendGrowthYears": null,
    "payoutRatio": null,
    "buybackYield": 3.863,
    "earningsYield": 8.452,
    "fcfYield": 5.529,
    "priceTarget": 229.69
  },
  "FL": {
    "industry": "\u96f6\u552e",
    "marketcap": 2294782401.0,
    "enterpriseValue": 4764782401.0,
    "earningsdate": "Aug 27 2025",
    "exdivdate": null,
    "sharesOutClass": 95576110.0,
    "sharesout": 95576110.0,
    "sharesgrowthyoy": 0.74,
    "sharesgrowthqoq": 0.315,
    "float": 94870110.0,
    "pe": null,
    "peForward": 19.876,
    "ps": 0.291,
    "psForward": 0.283,
    "pb": 0.889,
    "pegRatio": 1.875,
    "evEarnings": null,
    "evSales": 0.61,
    "evEbitda": 13.31,
    "evEbit": 30.54,
    "evFcf": 794.13,
    "currentRatio": 1.593,
    "quickRatio": 0.201,
    "debtEquity": 1.07,
    "debtEbitda": 2.18,
    "debtFcf": 461.5,
    "interestCoverage": 6.5,
    "assetturnover": 1.168,
    "inventoryturnover": 3.329,
    "shortInterest": 16260940.0,
    "shortShares": 17.014,
    "shortFloat": 17.14,
    "revenue": 7860000000.0,
    "gp": 2273000000.0,
    "opinc": 156000000.0,
    "pretax": -467000000.0,
    "netinc": -385000000.0,
    "ebitda": 358000000.0,
    "ebit": 156000000.0,
    "debt": 2769000000.0,
    "workingcapital": 883000000.0,
    "ncfo": 221000000.0,
    "capex": -215000000.0,
    "fcf": 6000000.0,
    "grossMargin": 28.919,
    "operatingMargin": 1.985,
    "pretaxMargin": -3.155,
    "profitMargin": -4.898,
    "ebitdaMargin": 4.555,
    "ebitMargin": 1.985,
    "fcfMargin": 0.076,
    "dividendYield": null,
    "dividendGrowthYears": null,
    "payoutRatio": null,
    "buybackYield": -0.74,
    "earningsYield": -16.777,
    "fcfYield": 0.261,
    "priceTarget": 21.14
  },
  "PVH": {
    "industry": "\u96f6\u552e",
    "marketcap": 4115684954.0,
    "enterpriseValue": 8156884954.0,
    "earningsdate": "Dec 3 2025",
    "exdivdate": "Sep 3 2025",
    "sharesOutClass": 48119782.0,
    "sharesout": 48119782.0,
    "sharesgrowthyoy": -9.941,
    "sharesgrowthqoq": -5.088,
    "float": 47711660.0,
    "pe": 9.668,
    "peForward": 7.54,
    "ps": 0.511,
    "psForward": 0.452,
    "pb": 0.846,
    "pegRatio": null,
    "evEarnings": 17.41,
    "evSales": 0.93,
    "evEbitda": 8.51,
    "evEbit": 11.58,
    "evFcf": 15.82,
    "currentRatio": 1.369,
    "quickRatio": 0.485,
    "debtEquity": 0.88,
    "debtEbitda": 2.76,
    "debtFcf": 8.32,
    "interestCoverage": 7.662,
    "assetturnover": 0.768,
    "inventoryturnover": 2.174,
    "shortInterest": 4422924.0,
    "shortShares": 9.191,
    "shortFloat": 9.27,
    "revenue": 8777500000.0,
    "gp": 5110400000.0,
    "opinc": 704100000.0,
    "pretax": 125100000.0,
    "netinc": 468500000.0,
    "ebitda": 958400000.0,
    "ebit": 704100000.0,
    "debt": 4290000000.0,
    "workingcapital": 889000000.0,
    "ncfo": 656900000.0,
    "capex": -141200000.0,
    "fcf": 515700000.0,
    "grossMargin": 58.222,
    "operatingMargin": 8.022,
    "pretaxMargin": 1.425,
    "profitMargin": 5.338,
    "ebitdaMargin": 10.919,
    "ebitMargin": 8.022,
    "fcfMargin": 5.875,
    "dividendYield": 0.175,
    "dividendGrowthYears": null,
    "payoutRatio": 1.696,
    "buybackYield": 9.941,
    "earningsYield": 11.383,
    "fcfYield": 12.53,
    "priceTarget": 92.47
  },
  "PG": {
    "industry": "\u96f6\u552e",
    "marketcap": 356900597602.0,
    "enterpriseValue": 381675597602.0,
    "earningsdate": "Oct 24 2025",
    "exdivdate": "Apr 21 2025",
    "sharesOutClass": 2340485262.0,
    "sharesout": 2340485262.0,
    "sharesgrowthyoy": -0.911,
    "sharesgrowthqoq": -0.286,
    "float": 2335197324.0,
    "pe": 22.271,
    "peForward": 21.517,
    "ps": 4.208,
    "psForward": 3.952,
    "pb": 6.763,
    "pegRatio": 5.341,
    "evEarnings": 23.17,
    "evSales": 4.49,
    "evEbitda": 14.98,
    "evEbit": 16.88,
    "evFcf": 25.54,
    "currentRatio": 0.714,
    "quickRatio": 0.465,
    "debtEquity": 0.67,
    "debtEbitda": 1.39,
    "debtFcf": 2.41,
    "interestCoverage": 26.105,
    "assetturnover": 0.669,
    "inventoryturnover": 5.474,
    "shortInterest": 16952900.0,
    "shortShares": 0.724,
    "shortFloat": 0.726,
    "revenue": 84933000000.0,
    "gp": 43512000000.0,
    "opinc": 22607000000.0,
    "pretax": 21062000000.0,
    "netinc": 16474000000.0,
    "ebitda": 25487000000.0,
    "ebit": 22607000000.0,
    "debt": 35946000000.0,
    "workingcapital": -10877000000.0,
    "ncfo": 18923000000.0,
    "capex": -3980000000.0,
    "fcf": 14943000000.0,
    "grossMargin": 51.231,
    "operatingMargin": 26.617,
    "pretaxMargin": 24.798,
    "profitMargin": 19.739,
    "ebitdaMargin": 30.008,
    "ebitMargin": 26.617,
    "fcfMargin": 17.594,
    "dividendYield": 2.773,
    "dividendGrowthYears": 69.0,
    "payoutRatio": 61.737,
    "buybackYield": 0.911,
    "earningsYield": 4.616,
    "fcfYield": 4.187,
    "priceTarget": 174.29
  },
  "KR": {
    "industry": "\u96f6\u552e",
    "marketcap": 44472334807.0,
    "enterpriseValue": 64767334807.0,
    "earningsdate": "Dec 4 2025",
    "exdivdate": "Nov 14 2025",
    "sharesOutClass": 662678212.0,
    "sharesout": 662678212.0,
    "sharesgrowthyoy": -5.299,
    "sharesgrowthqoq": 0.151,
    "float": 655917117.0,
    "pe": 17.112,
    "peForward": 13.246,
    "ps": 0.313,
    "psForward": 0.288,
    "pb": 4.794,
    "pegRatio": 2.009,
    "evEarnings": 23.93,
    "evSales": 0.44,
    "evEbitda": 8.07,
    "evEbit": 13.93,
    "evFcf": 29.28,
    "currentRatio": 0.946,
    "quickRatio": 0.425,
    "debtEquity": 2.71,
    "debtEbitda": 2.83,
    "debtFcf": 11.38,
    "interestCoverage": 4.951,
    "assetturnover": 2.799,
    "inventoryturnover": 16.587,
    "shortInterest": 27300504.0,
    "shortShares": 4.12,
    "shortFloat": 4.162,
    "revenue": 147000000000.0,
    "gp": 35155000000.0,
    "opinc": 4649000000.0,
    "pretax": 3414000000.0,
    "netinc": 2706000000.0,
    "ebitda": 8026000000.0,
    "ebit": 4649000000.0,
    "debt": 25178000000.0,
    "workingcapital": -894000000.0,
    "ncfo": 6018000000.0,
    "capex": -3806000000.0,
    "fcf": 2212000000.0,
    "grossMargin": 23.915,
    "operatingMargin": 3.163,
    "pretaxMargin": 2.322,
    "profitMargin": 1.855,
    "ebitdaMargin": 5.46,
    "ebitMargin": 3.163,
    "fcfMargin": 1.505,
    "dividendYield": 2.086,
    "dividendGrowthYears": 18.0,
    "payoutRatio": 34.168,
    "buybackYield": 5.299,
    "earningsYield": 6.085,
    "fcfYield": 4.974,
    "priceTarget": 73.87
  },
  "COST": {
    "industry": "\u96f6\u552e",
    "marketcap": 413105037117.0,
    "enterpriseValue": 407756037117.0,
    "earningsdate": "Dec 11 2025",
    "exdivdate": "Oct 31 2025",
    "sharesOutClass": 443179176.0,
    "sharesout": 443179176.0,
    "sharesgrowthyoy": 0.01,
    "sharesgrowthqoq": -0.013,
    "float": 441901831.0,
    "pe": 51.188,
    "peForward": 46.377,
    "ps": 1.504,
    "psForward": 1.367,
    "pb": 14.167,
    "pegRatio": 5.34,
    "evEarnings": 50.35,
    "evSales": 1.48,
    "evEbitda": 31.83,
    "evEbit": 39.27,
    "evFcf": 52.03,
    "currentRatio": 1.034,
    "quickRatio": 0.498,
    "debtEquity": 0.34,
    "debtEbitda": 0.75,
    "debtFcf": 1.27,
    "interestCoverage": 67.422,
    "assetturnover": 3.746,
    "inventoryturnover": 13.05,
    "shortInterest": 6685683.0,
    "shortShares": 1.509,
    "shortFloat": 1.513,
    "revenue": 275235000000.0,
    "gp": 35349000000.0,
    "opinc": 10383000000.0,
    "pretax": 10818000000.0,
    "netinc": 8099000000.0,
    "ebitda": 12809000000.0,
    "ebit": 10383000000.0,
    "debt": 9935000000.0,
    "workingcapital": 1272000000.0,
    "ncfo": 13335000000.0,
    "capex": -5498000000.0,
    "fcf": 7837000000.0,
    "grossMargin": 12.843,
    "operatingMargin": 3.772,
    "pretaxMargin": 3.93,
    "profitMargin": 2.943,
    "ebitdaMargin": 4.654,
    "ebitMargin": 3.772,
    "fcfMargin": 2.847,
    "dividendYield": 0.558,
    "dividendGrowthYears": null,
    "payoutRatio": 27.787,
    "buybackYield": -0.01,
    "earningsYield": 1.961,
    "fcfYield": 1.897,
    "priceTarget": 1068.38
  },
  "TPR": {
    "industry": "\u96f6\u552e",
    "marketcap": 23745601823.0,
    "enterpriseValue": 26525201823.0,
    "earningsdate": "Nov 6 2025",
    "exdivdate": "Sep 5 2025",
    "sharesOutClass": 207005508.0,
    "sharesout": 207005508.0,
    "sharesgrowthyoy": -4.588,
    "sharesgrowthqoq": -2.852,
    "float": 205738781.0,
    "pe": 139.89,
    "peForward": 20.964,
    "ps": 3.547,
    "psForward": 3.258,
    "pb": 27.828,
    "pegRatio": 2.755,
    "evEarnings": 144.79,
    "evSales": 3.78,
    "evEbitda": 16.88,
    "evEbit": 18.83,
    "evFcf": 24.25,
    "currentRatio": 1.866,
    "quickRatio": 1.051,
    "debtEquity": 4.55,
    "debtEbitda": 1.82,
    "debtFcf": 3.56,
    "interestCoverage": 5.191,
    "assetturnover": 0.702,
    "inventoryturnover": 2.043,
    "shortInterest": 13216157.0,
    "shortShares": 6.384,
    "shortFloat": 6.424,
    "revenue": 7010700000.0,
    "gp": 5288900000.0,
    "opinc": 1408300000.0,
    "pretax": 216100000.0,
    "netinc": 183200000.0,
    "ebitda": 1571200000.0,
    "ebit": 1408300000.0,
    "debt": 3899200000.0,
    "workingcapital": 1348700000.0,
    "ncfo": 1216600000.0,
    "capex": -122700000.0,
    "fcf": 1093900000.0,
    "grossMargin": 75.44,
    "operatingMargin": 20.088,
    "pretaxMargin": 3.082,
    "profitMargin": 2.613,
    "ebitdaMargin": 22.411,
    "ebitMargin": 20.088,
    "fcfMargin": 15.603,
    "dividendYield": 1.395,
    "dividendGrowthYears": 4.0,
    "payoutRatio": 176.829,
    "buybackYield": 4.588,
    "earningsYield": 0.772,
    "fcfYield": 4.607,
    "priceTarget": 112.06
  },
  "NKE": {
    "industry": "\u96f6\u552e",
    "marketcap": 102158496197.0,
    "enterpriseValue": 104644496197.0,
    "earningsdate": "Sep 30 2025",
    "exdivdate": "Sep 2 2025",
    "sharesOutClass": 1189313611.0,
    "sharesout": 1478201363.0,
    "sharesgrowthyoy": -2.47,
    "sharesgrowthqoq": 0.088,
    "float": 1171715909.0,
    "pe": 35.479,
    "peForward": 36.751,
    "ps": 2.202,
    "psForward": 2.166,
    "pb": 7.579,
    "pegRatio": 1.989,
    "evEarnings": 36.15,
    "evSales": 2.25,
    "evEbitda": 24.93,
    "evEbit": 30.6,
    "evFcf": 34.78,
    "currentRatio": 2.19,
    "quickRatio": 1.241,
    "debtEquity": 0.82,
    "debtEbitda": 2.09,
    "debtFcf": 3.68,
    "interestCoverage": 12.0,
    "assetturnover": 1.235,
    "inventoryturnover": 3.295,
    "shortInterest": 32100882.0,
    "shortShares": 2.172,
    "shortFloat": 2.74,
    "revenue": 46440000000.0,
    "gp": 19476000000.0,
    "opinc": 3420000000.0,
    "pretax": 3500000000.0,
    "netinc": 2895000000.0,
    "ebitda": 4197000000.0,
    "ebit": 3420000000.0,
    "debt": 11061000000.0,
    "workingcapital": 12987000000.0,
    "ncfo": 3526000000.0,
    "capex": -517000000.0,
    "fcf": 3009000000.0,
    "grossMargin": 41.938,
    "operatingMargin": 7.364,
    "pretaxMargin": 7.537,
    "profitMargin": 6.234,
    "ebitdaMargin": 9.037,
    "ebitMargin": 7.364,
    "fcfMargin": 6.479,
    "dividendYield": 2.315,
    "dividendGrowthYears": 23.0,
    "payoutRatio": 82.139,
    "buybackYield": 2.47,
    "earningsYield": 2.834,
    "fcfYield": 2.945,
    "priceTarget": 82.54
  },
  "JWN": {
    "industry": "\u96f6\u552e",
    "marketcap": 4078363012.0,
    "enterpriseValue": null,
    "earningsdate": "Jun 2 2025",
    "exdivdate": "Mar 11 2025",
    "sharesOutClass": 167234578.0,
    "sharesout": 167234578.0,
    "sharesgrowthyoy": 3.366,
    "sharesgrowthqoq": 0.707,
    "float": null,
    "pe": 14.172,
    "peForward": 11.256,
    "ps": 0.272,
    "psForward": 0.265,
    "pb": 3.578,
    "pegRatio": null,
    "evEarnings": null,
    "evSales": null,
    "evEbitda": null,
    "evEbit": null,
    "evFcf": null,
    "currentRatio": 1.195,
    "quickRatio": 0.415,
    "debtEquity": 3.76,
    "debtEbitda": 2.82,
    "debtFcf": 5.7,
    "interestCoverage": 4.044,
    "assetturnover": 1.725,
    "inventoryturnover": 4.707,
    "shortInterest": 14000737.0,
    "shortShares": 8.372,
    "shortFloat": null,
    "revenue": 15016000000.0,
    "gp": 5620000000.0,
    "opinc": 546000000.0,
    "pretax": 386000000.0,
    "netinc": 294000000.0,
    "ebitda": 1149000000.0,
    "ebit": 546000000.0,
    "debt": 4283000000.0,
    "workingcapital": 601000000.0,
    "ncfo": 1267000000.0,
    "capex": -516000000.0,
    "fcf": 751000000.0,
    "grossMargin": 37.427,
    "operatingMargin": 3.636,
    "pretaxMargin": 2.617,
    "profitMargin": 1.958,
    "ebitdaMargin": 7.652,
    "ebitMargin": 3.636,
    "fcfMargin": 5.001,
    "dividendYield": 3.082,
    "dividendGrowthYears": null,
    "payoutRatio": 43.678,
    "buybackYield": -3.366,
    "earningsYield": 7.209,
    "fcfYield": 18.414,
    "priceTarget": 22.36
  },
  "YUM": {
    "industry": "\u98df\u54c1",
    "marketcap": 39787517379.0,
    "enterpriseValue": 51425517379.0,
    "earningsdate": "Nov 4 2025",
    "exdivdate": "Sep 2 2025",
    "sharesOutClass": 277535696.0,
    "sharesout": 277535696.0,
    "sharesgrowthyoy": -0.702,
    "sharesgrowthqoq": -0.355,
    "float": 276763919.0,
    "pe": 28.255,
    "peForward": 22.98,
    "ps": 5.085,
    "psForward": 4.713,
    "pb": null,
    "pegRatio": 2.163,
    "evEarnings": 35.89,
    "evSales": 6.5,
    "evEbitda": 18.63,
    "evEbit": 19.99,
    "evFcf": 33.52,
    "currentRatio": 0.819,
    "quickRatio": 0.668,
    "debtEquity": null,
    "debtEbitda": 4.32,
    "debtFcf": 8.03,
    "interestCoverage": 4.702,
    "assetturnover": 1.188,
    "inventoryturnover": null,
    "shortInterest": 6239565.0,
    "shortShares": 2.248,
    "shortFloat": 2.254,
    "revenue": 7908000000.0,
    "gp": 3657000000.0,
    "opinc": 2572000000.0,
    "pretax": 1959000000.0,
    "netinc": 1433000000.0,
    "ebitda": 2760000000.0,
    "ebit": 2572000000.0,
    "debt": 12315000000.0,
    "workingcapital": -403000000.0,
    "ncfo": 1834000000.0,
    "capex": -300000000.0,
    "fcf": 1534000000.0,
    "grossMargin": 46.244,
    "operatingMargin": 32.524,
    "pretaxMargin": 24.772,
    "profitMargin": 18.121,
    "ebitdaMargin": 34.901,
    "ebitMargin": 32.524,
    "fcfMargin": 19.398,
    "dividendYield": 1.981,
    "dividendGrowthYears": 7.0,
    "payoutRatio": 55.186,
    "buybackYield": 0.702,
    "earningsYield": 3.602,
    "fcfYield": 3.855,
    "priceTarget": 159.61
  },
  "BLMN": {
    "industry": "\u98df\u54c1",
    "marketcap": 678846008.0,
    "enterpriseValue": 2801360008.0,
    "earningsdate": "Nov 6 2025",
    "exdivdate": "Aug 19 2025",
    "sharesOutClass": 85068422.0,
    "sharesout": 85068422.0,
    "sharesgrowthyoy": -6.663,
    "sharesgrowthqoq": 0.012,
    "float": 75139219.0,
    "pe": 8.86,
    "peForward": 7.667,
    "ps": 0.172,
    "psForward": 0.168,
    "pb": 1.709,
    "pegRatio": null,
    "evEarnings": null,
    "evSales": 0.71,
    "evEbitda": 8.02,
    "evEbit": 16.35,
    "evFcf": 73.19,
    "currentRatio": 0.427,
    "quickRatio": 0.296,
    "debtEquity": 5.41,
    "debtEbitda": 4.1,
    "debtFcf": 56.77,
    "interestCoverage": 3.086,
    "assetturnover": 1.174,
    "inventoryturnover": 51.503,
    "shortInterest": 8774228.0,
    "shortShares": 10.314,
    "shortFloat": 11.677,
    "revenue": 3933993000.0,
    "gp": 554529000.0,
    "opinc": 171286000.0,
    "pretax": 52891000.0,
    "netinc": -4978000.0,
    "ebitda": 349321000.0,
    "ebit": 171286000.0,
    "debt": 2172822000.0,
    "workingcapital": -445234000.0,
    "ncfo": 235068000.0,
    "capex": -196792000.0,
    "fcf": 38276000.0,
    "grossMargin": 14.096,
    "operatingMargin": 4.354,
    "pretaxMargin": 1.344,
    "profitMargin": -0.127,
    "ebitdaMargin": 8.88,
    "ebitMargin": 4.354,
    "fcfMargin": 0.973,
    "dividendYield": 7.519,
    "dividendGrowthYears": null,
    "payoutRatio": null,
    "buybackYield": 6.663,
    "earningsYield": -0.733,
    "fcfYield": 5.638,
    "priceTarget": 9.25
  },
  "TSN": {
    "industry": "\u98df\u54c1",
    "marketcap": 18279431104.0,
    "enterpriseValue": 25681431104.0,
    "earningsdate": "Nov 10 2025",
    "exdivdate": "Dec 1 2025",
    "sharesOutClass": 285760382.0,
    "sharesout": 355769387.0,
    "sharesgrowthyoy": 1.203,
    "sharesgrowthqoq": null,
    "float": 278655598.0,
    "pe": 23.38,
    "peForward": 14.225,
    "ps": 0.337,
    "psForward": 0.326,
    "pb": 0.997,
    "pegRatio": 0.926,
    "evEarnings": 32.76,
    "evSales": 0.47,
    "evEbitda": 7.73,
    "evEbit": 12.68,
    "evFcf": 19.79,
    "currentRatio": 1.733,
    "quickRatio": 0.703,
    "debtEquity": 0.49,
    "debtEbitda": 2.23,
    "debtFcf": 6.98,
    "interestCoverage": 4.283,
    "assetturnover": 1.46,
    "inventoryturnover": 9.558,
    "shortInterest": 9981928.0,
    "shortShares": 2.806,
    "shortFloat": 3.582,
    "revenue": 54146000000.0,
    "gp": 4114000000.0,
    "opinc": 2026000000.0,
    "pretax": 1176000000.0,
    "netinc": 784000000.0,
    "ebitda": 3322000000.0,
    "ebit": 2026000000.0,
    "debt": 9065000000.0,
    "workingcapital": 4169000000.0,
    "ncfo": 2237000000.0,
    "capex": -939000000.0,
    "fcf": 1298000000.0,
    "grossMargin": 7.598,
    "operatingMargin": 3.742,
    "pretaxMargin": 2.172,
    "profitMargin": 1.448,
    "ebitdaMargin": 6.135,
    "ebitMargin": 3.742,
    "fcfMargin": 2.397,
    "dividendYield": 3.893,
    "dividendGrowthYears": 11.0,
    "payoutRatio": 91.007,
    "buybackYield": -1.203,
    "earningsYield": 4.289,
    "fcfYield": 7.101,
    "priceTarget": 62.3
  },
  "CELH": {
    "industry": "\u98df\u54c1",
    "marketcap": 16340887652.0,
    "enterpriseValue": 16622573652.0,
    "earningsdate": "Nov 7 2025",
    "exdivdate": null,
    "sharesOutClass": 257946135.0,
    "sharesout": 257946135.0,
    "sharesgrowthyoy": 2.332,
    "sharesgrowthqoq": 9.714,
    "float": 197788925.0,
    "pe": 160.507,
    "peForward": 52.041,
    "ps": 9.14,
    "psForward": 5.406,
    "pb": 12.89,
    "pegRatio": 1.337,
    "evEarnings": 173.34,
    "evSales": 9.97,
    "evEbitda": 109.83,
    "evEbit": 123.14,
    "evFcf": 78.84,
    "currentRatio": 2.109,
    "quickRatio": 1.676,
    "debtEquity": 0.43,
    "debtEbitda": 5.82,
    "debtFcf": 4.25,
    "interestCoverage": 7.466,
    "assetturnover": 0.604,
    "inventoryturnover": 4.014,
    "shortInterest": 17810837.0,
    "shortShares": 6.905,
    "shortFloat": 9.005,
    "revenue": 1666480000.0,
    "gp": 842126000.0,
    "opinc": 134986000.0,
    "pretax": 188416000.0,
    "netinc": 95894000.0,
    "ebitda": 151342000.0,
    "ebit": 134986000.0,
    "debt": 896919000.0,
    "workingcapital": 731437000.0,
    "ncfo": 235685000.0,
    "capex": -24845000.0,
    "fcf": 210840000.0,
    "grossMargin": 50.533,
    "operatingMargin": 8.1,
    "pretaxMargin": 11.306,
    "profitMargin": 7.906,
    "ebitdaMargin": 9.082,
    "ebitMargin": 8.1,
    "fcfMargin": 12.652,
    "dividendYield": null,
    "dividendGrowthYears": null,
    "payoutRatio": null,
    "buybackYield": -2.332,
    "earningsYield": 0.587,
    "fcfYield": 1.29,
    "priceTarget": 64.06
  },
  "MCD": {
    "industry": "\u98df\u54c1",
    "marketcap": 218213099873.0,
    "enterpriseValue": 272226099873.0,
    "earningsdate": "Nov 5 2025",
    "exdivdate": "Dec 1 2025",
    "sharesOutClass": 713604434.0,
    "sharesout": 713604434.0,
    "sharesgrowthyoy": -1.101,
    "sharesgrowthqoq": -0.084,
    "float": 712270922.0,
    "pe": 26.199,
    "peForward": 23.962,
    "ps": 8.396,
    "psForward": 7.823,
    "pb": null,
    "pegRatio": 3.378,
    "evEarnings": 32.43,
    "evSales": 10.45,
    "evEbitda": 19.21,
    "evEbit": 22.65,
    "evFcf": 39.46,
    "currentRatio": 1.303,
    "quickRatio": 1.03,
    "debtEquity": null,
    "debtEbitda": 3.54,
    "debtFcf": 8.1,
    "interestCoverage": 7.877,
    "assetturnover": 0.46,
    "inventoryturnover": 221.941,
    "shortInterest": 7275707.0,
    "shortShares": 1.02,
    "shortFloat": 1.021,
    "revenue": 26060000000.0,
    "gp": 14852000000.0,
    "opinc": 12021000000.0,
    "pretax": 10570000000.0,
    "netinc": 8393000000.0,
    "ebitda": 14170000000.0,
    "ebit": 12021000000.0,
    "debt": 55892000000.0,
    "workingcapital": 1303000000.0,
    "ncfo": 9794000000.0,
    "capex": -2896000000.0,
    "fcf": 6898000000.0,
    "grossMargin": 56.992,
    "operatingMargin": 46.128,
    "pretaxMargin": 40.56,
    "profitMargin": 32.206,
    "ebitdaMargin": 54.375,
    "ebitMargin": 46.128,
    "fcfMargin": 26.47,
    "dividendYield": 2.315,
    "dividendGrowthYears": 50.0,
    "payoutRatio": 61.431,
    "buybackYield": 1.101,
    "earningsYield": 3.846,
    "fcfYield": 3.161,
    "priceTarget": 325.42
  },
  "JACK": {
    "industry": "\u98df\u54c1",
    "marketcap": 334787009.0,
    "enterpriseValue": 3427391009.0,
    "earningsdate": "Nov 19 2025",
    "exdivdate": "Mar 20 2025",
    "sharesOutClass": 18882516.0,
    "sharesout": 18882516.0,
    "sharesgrowthyoy": -3.655,
    "sharesgrowthqoq": 0.572,
    "float": 14316868.0,
    "pe": null,
    "peForward": 4.038,
    "ps": 0.227,
    "psForward": 0.228,
    "pb": null,
    "pegRatio": null,
    "evEarnings": null,
    "evSales": 2.3,
    "evEbitda": 11.85,
    "evEbit": 15.15,
    "evFcf": 69.45,
    "currentRatio": 0.463,
    "quickRatio": 0.288,
    "debtEquity": null,
    "debtEbitda": 5.86,
    "debtFcf": 63.43,
    "interestCoverage": 2.796,
    "assetturnover": 0.557,
    "inventoryturnover": 267.464,
    "shortInterest": 4417660.0,
    "shortShares": 23.396,
    "shortFloat": 30.856,
    "revenue": 1488411000.0,
    "gp": 431794000.0,
    "opinc": 226244000.0,
    "pretax": -76271000.0,
    "netinc": -64573000.0,
    "ebitda": 289239000.0,
    "ebit": 226244000.0,
    "debt": 3130618000.0,
    "workingcapital": -232512000.0,
    "ncfo": 158179000.0,
    "capex": -108826000.0,
    "fcf": 49353000.0,
    "grossMargin": 29.01,
    "operatingMargin": 15.2,
    "pretaxMargin": -5.124,
    "profitMargin": -4.338,
    "ebitdaMargin": 19.433,
    "ebitMargin": 15.2,
    "fcfMargin": 3.316,
    "dividendYield": 4.963,
    "dividendGrowthYears": null,
    "payoutRatio": null,
    "buybackYield": 3.655,
    "earningsYield": -19.288,
    "fcfYield": 14.742,
    "priceTarget": 31.5
  },
  "CMG": {
    "industry": "\u98df\u54c1",
    "marketcap": 55231053150.0,
    "enterpriseValue": 58465147150.0,
    "earningsdate": "Oct 29 2025",
    "exdivdate": null,
    "sharesOutClass": 1340885000.0,
    "sharesout": 1340885000.0,
    "sharesgrowthyoy": -1.329,
    "sharesgrowthqoq": -0.77,
    "float": 1331484481.0,
    "pe": 36.477,
    "peForward": 32.428,
    "ps": 4.828,
    "psForward": 4.256,
    "pb": 15.661,
    "pegRatio": 2.051,
    "evEarnings": 37.92,
    "evSales": 5.05,
    "evEbitda": 25.04,
    "evEbit": 29.4,
    "evFcf": 39.88,
    "currentRatio": 1.651,
    "quickRatio": 1.53,
    "debtEquity": 1.35,
    "debtEbitda": 1.61,
    "debtFcf": 3.26,
    "interestCoverage": 1380.172,
    "assetturnover": 1.273,
    "inventoryturnover": 182.393,
    "shortInterest": 28535159.0,
    "shortShares": 2.128,
    "shortFloat": 2.143,
    "revenue": 11577533000.0,
    "gp": 4650072000.0,
    "opinc": 1988828000.0,
    "pretax": 2020575000.0,
    "netinc": 1541878000.0,
    "ebitda": 2335209000.0,
    "ebit": 1988828000.0,
    "debt": 4780586000.0,
    "workingcapital": 736854000.0,
    "ncfo": 2091666000.0,
    "capex": -625805000.0,
    "fcf": 1465861000.0,
    "grossMargin": 40.165,
    "operatingMargin": 17.178,
    "pretaxMargin": 17.453,
    "profitMargin": 13.318,
    "ebitdaMargin": 20.17,
    "ebitMargin": 17.178,
    "fcfMargin": 12.661,
    "dividendYield": null,
    "dividendGrowthYears": null,
    "payoutRatio": null,
    "buybackYield": 1.329,
    "earningsYield": 2.792,
    "fcfYield": 2.654,
    "priceTarget": 56.37
  },
  "DENN": {
    "industry": "\u98df\u54c1",
    "marketcap": 256464990.0,
    "enterpriseValue": 672717990.0,
    "earningsdate": "Nov 3 2025",
    "exdivdate": null,
    "sharesOutClass": 51498994.0,
    "sharesout": 51498994.0,
    "sharesgrowthyoy": -3.196,
    "sharesgrowthqoq": -0.595,
    "float": 49698990.0,
    "pe": 16.57,
    "peForward": 11.857,
    "ps": 0.57,
    "psForward": 0.514,
    "pb": null,
    "pegRatio": null,
    "evEarnings": 41.76,
    "evSales": 1.48,
    "evEbitda": 10.65,
    "evEbit": 14.26,
    "evFcf": null,
    "currentRatio": 0.367,
    "quickRatio": 0.24,
    "debtEquity": null,
    "debtEbitda": 5.59,
    "debtFcf": null,
    "interestCoverage": 2.511,
    "assetturnover": 0.958,
    "inventoryturnover": 138.519,
    "shortInterest": 4711405.0,
    "shortShares": 9.149,
    "shortFloat": 9.48,
    "revenue": 455727000.0,
    "gp": 177026000.0,
    "opinc": 47163000.0,
    "pretax": 22641000.0,
    "netinc": 16108000.0,
    "ebitda": 63189000.0,
    "ebit": 47163000.0,
    "debt": 417419000.0,
    "workingcapital": -55651000.0,
    "ncfo": 29459000.0,
    "capex": -35005000.0,
    "fcf": -5546000.0,
    "grossMargin": 38.845,
    "operatingMargin": 10.349,
    "pretaxMargin": 4.968,
    "profitMargin": 3.535,
    "ebitdaMargin": 13.866,
    "ebitMargin": 10.349,
    "fcfMargin": null,
    "dividendYield": null,
    "dividendGrowthYears": null,
    "payoutRatio": null,
    "buybackYield": 3.196,
    "earningsYield": 6.281,
    "fcfYield": -2.162,
    "priceTarget": 6.96
  },
  "PLAY": {
    "industry": "\u98df\u54c1",
    "marketcap": 605278225.0,
    "enterpriseValue": 4137778225.0,
    "earningsdate": "Dec 9 2025",
    "exdivdate": null,
    "sharesOutClass": 34666565.0,
    "sharesout": 34666565.0,
    "sharesgrowthyoy": -11.327,
    "sharesgrowthqoq": -0.142,
    "float": 23852877.0,
    "pe": 67.55,
    "peForward": 15.08,
    "ps": 0.301,
    "psForward": 0.266,
    "pb": 3.641,
    "pegRatio": null,
    "evEarnings": 426.58,
    "evSales": 1.96,
    "evEbitda": 9.59,
    "evEbit": 22.33,
    "evFcf": null,
    "currentRatio": 0.334,
    "quickRatio": 0.145,
    "debtEquity": 21.33,
    "debtEbitda": 5.22,
    "debtFcf": null,
    "interestCoverage": 1.283,
    "assetturnover": 0.533,
    "inventoryturnover": 32.931,
    "shortInterest": 6844988.0,
    "shortShares": 19.745,
    "shortFloat": 28.697,
    "revenue": 2112500000.0,
    "gp": 856200000.0,
    "opinc": 185300000.0,
    "pretax": 7600000.0,
    "netinc": 9700000.0,
    "ebitda": 431600000.0,
    "ebit": 185300000.0,
    "debt": 3544500000.0,
    "workingcapital": -233200000.0,
    "ncfo": 231500000.0,
    "capex": -544900000.0,
    "fcf": -313400000.0,
    "grossMargin": 40.53,
    "operatingMargin": 8.772,
    "pretaxMargin": 0.36,
    "profitMargin": 0.459,
    "ebitdaMargin": 20.431,
    "ebitMargin": 8.772,
    "fcfMargin": null,
    "dividendYield": null,
    "dividendGrowthYears": null,
    "payoutRatio": null,
    "buybackYield": 11.327,
    "earningsYield": 1.603,
    "fcfYield": -51.778,
    "priceTarget": 29.33
  },
  "MNST": {
    "industry": "\u98df\u54c1",
    "marketcap": 68047280491.0,
    "enterpriseValue": 66040583491.0,
    "earningsdate": "Nov 6 2025",
    "exdivdate": null,
    "sharesOutClass": 976428189.0,
    "sharesout": 976428189.0,
    "sharesgrowthyoy": -6.477,
    "sharesgrowthqoq": 0.277,
    "float": 694103803.0,
    "pe": 43.428,
    "peForward": 34.522,
    "ps": 8.865,
    "psForward": 7.901,
    "pb": 9.462,
    "pegRatio": 2.289,
    "evEarnings": 41.97,
    "evSales": 8.62,
    "evEbitda": 28.93,
    "evEbit": 30.16,
    "evFcf": 35.6,
    "currentRatio": 3.519,
    "quickRatio": 2.856,
    "debtEquity": 0.01,
    "debtEbitda": 0.03,
    "debtFcf": 0.04,
    "interestCoverage": 2132.042,
    "assetturnover": 0.912,
    "inventoryturnover": 4.6,
    "shortInterest": 21078899.0,
    "shortShares": 2.159,
    "shortFloat": 3.037,
    "revenue": 7659164000.0,
    "gp": 4226619000.0,
    "opinc": 2189607000.0,
    "pretax": 2084878000.0,
    "netinc": 1573417000.0,
    "ebitda": 2282533000.0,
    "ebit": 2189607000.0,
    "debt": 65483000.0,
    "workingcapital": 3170722000.0,
    "ncfo": 2053716000.0,
    "capex": -198722000.0,
    "fcf": 1854994000.0,
    "grossMargin": 55.184,
    "operatingMargin": 28.588,
    "pretaxMargin": 27.221,
    "profitMargin": 20.543,
    "ebitdaMargin": 29.801,
    "ebitMargin": 28.588,
    "fcfMargin": 24.219,
    "dividendYield": null,
    "dividendGrowthYears": null,
    "payoutRatio": null,
    "buybackYield": 6.477,
    "earningsYield": 2.312,
    "fcfYield": 2.726,
    "priceTarget": 67.79
  },
  "FIZZ": {
    "industry": "\u98df\u54c1",
    "marketcap": 3357222022.0,
    "enterpriseValue": 3177295022.0,
    "earningsdate": "Dec 4 2025",
    "exdivdate": null,
    "sharesOutClass": 93620246.0,
    "sharesout": 93620246.0,
    "sharesgrowthyoy": 0.052,
    "sharesgrowthqoq": 0.015,
    "float": 23689518.0,
    "pe": 18.111,
    "peForward": 17.439,
    "ps": 2.792,
    "psForward": 2.664,
    "pb": 6.595,
    "pegRatio": null,
    "evEarnings": 17.1,
    "evSales": 2.64,
    "evEbitda": 12.34,
    "evEbit": 13.42,
    "evFcf": 18.41,
    "currentRatio": 3.242,
    "quickRatio": 2.426,
    "debtEquity": 0.14,
    "debtEbitda": 0.25,
    "debtFcf": 0.4,
    "interestCoverage": null,
    "assetturnover": 1.908,
    "inventoryturnover": 8.187,
    "shortInterest": 3067499.0,
    "shortShares": 3.277,
    "shortFloat": 12.949,
    "revenue": 1202396000.0,
    "gp": 446972000.0,
    "opinc": 236720000.0,
    "pretax": 243715000.0,
    "netinc": 185801000.0,
    "ebitda": 257533000.0,
    "ebit": 236720000.0,
    "debt": 69904000.0,
    "workingcapital": 329247000.0,
    "ncfo": 208286000.0,
    "capex": -35672000.0,
    "fcf": 172614000.0,
    "grossMargin": 37.173,
    "operatingMargin": 19.687,
    "pretaxMargin": 20.269,
    "profitMargin": 15.453,
    "ebitdaMargin": 21.418,
    "ebitMargin": 19.687,
    "fcfMargin": 14.356,
    "dividendYield": null,
    "dividendGrowthYears": 1.0,
    "payoutRatio": null,
    "buybackYield": -0.052,
    "earningsYield": 5.534,
    "fcfYield": 5.142,
    "priceTarget": 39.0
  },
  "DPZ": {
    "industry": "\u98df\u54c1",
    "marketcap": 14014002329.0,
    "enterpriseValue": 18925989329.0,
    "earningsdate": "Oct 14 2025",
    "exdivdate": "Dec 15 2025",
    "sharesOutClass": 33776881.0,
    "sharesout": 33780076.0,
    "sharesgrowthyoy": -2.039,
    "sharesgrowthqoq": -0.74,
    "float": 30796341.0,
    "pe": 24.224,
    "peForward": 22.165,
    "ps": 2.924,
    "psForward": 2.716,
    "pb": null,
    "pegRatio": 2.258,
    "evEarnings": 32.1,
    "evSales": 3.9,
    "evEbitda": 19.14,
    "evEbit": 20.28,
    "evFcf": 29.97,
    "currentRatio": 1.609,
    "quickRatio": 0.773,
    "debtEquity": null,
    "debtEbitda": 4.67,
    "debtFcf": 8.0,
    "interestCoverage": 4.765,
    "assetturnover": 2.823,
    "inventoryturnover": 49.312,
    "shortInterest": 2297931.0,
    "shortShares": 6.803,
    "shortFloat": 7.462,
    "revenue": 4848168000.0,
    "gp": 1388383000.0,
    "opinc": 933076000.0,
    "pretax": 760925000.0,
    "netinc": 589505000.0,
    "ebitda": 989062000.0,
    "ebit": 933076000.0,
    "debt": 5051715000.0,
    "workingcapital": 328581000.0,
    "ncfo": 730274000.0,
    "capex": -98751000.0,
    "fcf": 631523000.0,
    "grossMargin": 28.637,
    "operatingMargin": 19.246,
    "pretaxMargin": 15.695,
    "profitMargin": 12.159,
    "ebitdaMargin": 20.401,
    "ebitMargin": 19.246,
    "fcfMargin": 13.026,
    "dividendYield": 1.678,
    "dividendGrowthYears": 11.0,
    "payoutRatio": 40.641,
    "buybackYield": 2.039,
    "earningsYield": 4.207,
    "fcfYield": 4.506,
    "priceTarget": 487.64
  },
  "CAKE": {
    "industry": "\u98df\u54c1",
    "marketcap": 2796855476.0,
    "enterpriseValue": 4748262476.0,
    "earningsdate": "Oct 28 2025",
    "exdivdate": "Aug 12 2025",
    "sharesOutClass": 49810427.0,
    "sharesout": 49810427.0,
    "sharesgrowthyoy": 0.465,
    "sharesgrowthqoq": -2.398,
    "float": 45882115.0,
    "pe": 17.332,
    "peForward": 14.051,
    "ps": 0.725,
    "psForward": 0.707,
    "pb": 6.972,
    "pegRatio": 1.266,
    "evEarnings": 29.88,
    "evSales": 1.29,
    "evEbitda": 15.03,
    "evEbit": 22.44,
    "evFcf": 36.19,
    "currentRatio": 0.515,
    "quickRatio": 0.346,
    "debtEquity": 5.24,
    "debtEbitda": 3.69,
    "debtFcf": 16.01,
    "interestCoverage": 21.664,
    "assetturnover": 1.217,
    "inventoryturnover": 32.078,
    "shortInterest": 9674240.0,
    "shortShares": 19.422,
    "shortFloat": 21.085,
    "revenue": 3669456000.0,
    "gp": 1465714000.0,
    "opinc": 211637000.0,
    "pretax": 173883000.0,
    "netinc": 158901000.0,
    "ebitda": 315913000.0,
    "ebit": 211637000.0,
    "debt": 2100170000.0,
    "workingcapital": -357664000.0,
    "ncfo": 309643000.0,
    "capex": -178432000.0,
    "fcf": 131211000.0,
    "grossMargin": 39.944,
    "operatingMargin": 5.768,
    "pretaxMargin": 4.739,
    "profitMargin": 4.33,
    "ebitdaMargin": 8.609,
    "ebitMargin": 5.768,
    "fcfMargin": 3.576,
    "dividendYield": 1.923,
    "dividendGrowthYears": null,
    "payoutRatio": 33.336,
    "buybackYield": -0.465,
    "earningsYield": 5.681,
    "fcfYield": 4.691,
    "priceTarget": 60.14
  },
  "SBUX": {
    "industry": "\u98df\u54c1",
    "marketcap": 97858503000.0,
    "enterpriseValue": 121259203000.0,
    "earningsdate": "Oct 29 2025",
    "exdivdate": "Nov 14 2025",
    "sharesOutClass": 1136700000.0,
    "sharesout": 1136700000.0,
    "sharesgrowthyoy": -0.123,
    "sharesgrowthqoq": -0.018,
    "float": 1134491749.0,
    "pe": 37.275,
    "peForward": 36.253,
    "ps": 2.664,
    "psForward": 2.483,
    "pb": null,
    "pegRatio": 19.93,
    "evEarnings": 46.06,
    "evSales": 3.31,
    "evEbitda": 21.75,
    "evEbit": 31.42,
    "evFcf": 53.81,
    "currentRatio": 0.756,
    "quickRatio": 0.516,
    "debtEquity": null,
    "debtEbitda": 3.17,
    "debtFcf": 12.38,
    "interestCoverage": 7.19,
    "assetturnover": 1.151,
    "inventoryturnover": 13.602,
    "shortInterest": 44046184.0,
    "shortShares": 3.875,
    "shortFloat": 3.882,
    "revenue": 36689300000.0,
    "gp": 8709700000.0,
    "opinc": 3859500000.0,
    "pretax": 3537100000.0,
    "netinc": 2632400000.0,
    "ebitda": 5576400000.0,
    "ebit": 3859500000.0,
    "debt": 27906600000.0,
    "workingcapital": -2720800000.0,
    "ncfo": 4901300000.0,
    "capex": -2647700000.0,
    "fcf": 2253600000.0,
    "grossMargin": 23.739,
    "operatingMargin": 10.519,
    "pretaxMargin": 9.641,
    "profitMargin": 7.175,
    "ebitdaMargin": 15.199,
    "ebitMargin": 10.519,
    "fcfMargin": 6.142,
    "dividendYield": 2.834,
    "dividendGrowthYears": 15.0,
    "payoutRatio": 106.079,
    "buybackYield": 0.123,
    "earningsYield": 2.69,
    "fcfYield": 2.303,
    "priceTarget": 98.52
  },
  "DIN": {
    "industry": "\u98df\u54c1",
    "marketcap": 426468627.0,
    "enterpriseValue": 1872655627.0,
    "earningsdate": "Nov 5 2025",
    "exdivdate": "Sep 19 2025",
    "sharesOutClass": 15379323.0,
    "sharesout": 15379323.0,
    "sharesgrowthyoy": -1.052,
    "sharesgrowthqoq": -0.188,
    "float": 14841807.0,
    "pe": 9.281,
    "peForward": 6.442,
    "ps": 0.489,
    "psForward": 0.468,
    "pb": null,
    "pegRatio": null,
    "evEarnings": 41.97,
    "evSales": 2.22,
    "evEbitda": 9.81,
    "evEbit": 12.46,
    "evFcf": 20.24,
    "currentRatio": 0.86,
    "quickRatio": 0.662,
    "debtEquity": null,
    "debtEbitda": 8.59,
    "debtFcf": 17.73,
    "interestCoverage": 2.095,
    "assetturnover": 0.485,
    "inventoryturnover": null,
    "shortInterest": 2315929.0,
    "shortShares": 15.059,
    "shortFloat": 15.604,
    "revenue": 845368000.0,
    "gp": 365597000.0,
    "opinc": 150293000.0,
    "pretax": 65999000.0,
    "netinc": 44618000.0,
    "ebitda": 190871000.0,
    "ebit": 150293000.0,
    "debt": 1640388000.0,
    "workingcapital": -60498000.0,
    "ncfo": 109086000.0,
    "capex": -16553000.0,
    "fcf": 92533000.0,
    "grossMargin": 43.247,
    "operatingMargin": 17.778,
    "pretaxMargin": 7.807,
    "profitMargin": 5.471,
    "ebitdaMargin": 22.578,
    "ebitMargin": 17.778,
    "fcfMargin": 10.946,
    "dividendYield": 7.357,
    "dividendGrowthYears": null,
    "payoutRatio": 68.279,
    "buybackYield": 1.052,
    "earningsYield": 10.462,
    "fcfYield": 21.697,
    "priceTarget": 28.43
  },
  "KO": {
    "industry": "\u98df\u54c1",
    "marketcap": 299892420000.0,
    "enterpriseValue": 331527420000.0,
    "earningsdate": "Oct 21 2025",
    "exdivdate": "Dec 1 2025",
    "sharesOutClass": 4302000000.0,
    "sharesout": 4302000000.0,
    "sharesgrowthyoy": -0.208,
    "sharesgrowthqoq": -0.046,
    "float": 3868147249.0,
    "pe": 23.085,
    "peForward": 21.799,
    "ps": 6.294,
    "psForward": 5.782,
    "pb": 9.597,
    "pegRatio": 3.593,
    "evEarnings": 25.44,
    "evSales": 6.96,
    "evEbitda": 20.42,
    "evEbit": 21.89,
    "evFcf": 59.52,
    "currentRatio": 1.211,
    "quickRatio": 0.877,
    "debtEquity": 1.43,
    "debtEbitda": 2.86,
    "debtFcf": 8.51,
    "interestCoverage": 9.156,
    "assetturnover": 0.449,
    "inventoryturnover": 3.843,
    "shortInterest": 35006706.0,
    "shortShares": 0.814,
    "shortFloat": 0.905,
    "revenue": 47663000000.0,
    "gp": 29376000000.0,
    "opinc": 15144000000.0,
    "pretax": 15842000000.0,
    "netinc": 13031000000.0,
    "ebitda": 16234000000.0,
    "ebit": 15144000000.0,
    "debt": 47416000000.0,
    "workingcapital": 4748000000.0,
    "ncfo": 7603000000.0,
    "capex": -2033000000.0,
    "fcf": 5570000000.0,
    "grossMargin": 61.633,
    "operatingMargin": 31.773,
    "pretaxMargin": 33.238,
    "profitMargin": 27.34,
    "ebitdaMargin": 34.06,
    "ebitMargin": 31.773,
    "fcfMargin": 11.686,
    "dividendYield": 2.926,
    "dividendGrowthYears": 63.0,
    "payoutRatio": 67.556,
    "buybackYield": 0.208,
    "earningsYield": 4.345,
    "fcfYield": 1.857,
    "priceTarget": 78.0
  },
  "HIMS": {
    "industry": "\u98df\u54c1",
    "marketcap": 11025235161.0,
    "enterpriseValue": 10925008161.0,
    "earningsdate": "Nov 3 2025",
    "exdivdate": null,
    "sharesOutClass": 217641958.0,
    "sharesout": 226019581.0,
    "sharesgrowthyoy": 11.148,
    "sharesgrowthqoq": 4.124,
    "float": 204262224.0,
    "pe": 61.84,
    "peForward": 67.553,
    "ps": 5.342,
    "psForward": 4.252,
    "pb": 19.571,
    "pegRatio": 3.667,
    "evEarnings": 56.43,
    "evSales": 5.43,
    "evEbitda": 68.22,
    "evEbit": 83.42,
    "evFcf": 82.53,
    "currentRatio": 4.979,
    "quickRatio": 4.229,
    "debtEquity": 1.86,
    "debtEbitda": 6.27,
    "debtFcf": 7.89,
    "interestCoverage": 114.885,
    "assetturnover": 1.708,
    "inventoryturnover": 5.255,
    "shortInterest": 66883420.0,
    "shortShares": 29.592,
    "shortFloat": 32.744,
    "revenue": 2013538000.0,
    "gp": 1534312000.0,
    "opinc": 130969000.0,
    "pretax": 139232000.0,
    "netinc": 193603000.0,
    "ebitda": 160154000.0,
    "ebit": 130969000.0,
    "debt": 1044388000.0,
    "workingcapital": 1083334000.0,
    "ncfo": 261625000.0,
    "capex": -129254000.0,
    "fcf": 132371000.0,
    "grossMargin": 76.2,
    "operatingMargin": 6.504,
    "pretaxMargin": 6.915,
    "profitMargin": 9.615,
    "ebitdaMargin": 7.954,
    "ebitMargin": 6.504,
    "fcfMargin": 6.574,
    "dividendYield": null,
    "dividendGrowthYears": null,
    "payoutRatio": null,
    "buybackYield": -11.148,
    "earningsYield": 1.756,
    "fcfYield": 1.201,
    "priceTarget": 37.2
  },
  "PEP": {
    "industry": "\u98df\u54c1",
    "marketcap": 207407875266.0,
    "enterpriseValue": 249595875266.0,
    "earningsdate": "Oct 9 2025",
    "exdivdate": "Sep 5 2025",
    "sharesOutClass": 1368577204.0,
    "sharesout": 1368577204.0,
    "sharesgrowthyoy": -0.417,
    "sharesgrowthqoq": -0.073,
    "float": 1364506562.0,
    "pe": 28.823,
    "peForward": 17.819,
    "ps": 2.248,
    "psForward": 2.143,
    "pb": 10.701,
    "pegRatio": 5.018,
    "evEarnings": 34.56,
    "evSales": 2.7,
    "evEbitda": 14.67,
    "evEbit": 18.01,
    "evFcf": 36.77,
    "currentRatio": 0.912,
    "quickRatio": 0.676,
    "debtEquity": 2.6,
    "debtEbitda": 2.74,
    "debtFcf": 7.49,
    "interestCoverage": 13.667,
    "assetturnover": 0.892,
    "inventoryturnover": 7.198,
    "shortInterest": 18371072.0,
    "shortShares": 1.342,
    "shortFloat": 1.346,
    "revenue": 92366000000.0,
    "gp": 50126000000.0,
    "opinc": 13858000000.0,
    "pretax": 9053000000.0,
    "netinc": 7223000000.0,
    "ebitda": 17016000000.0,
    "ebit": 13858000000.0,
    "debt": 50849000000.0,
    "workingcapital": -2777000000.0,
    "ncfo": 11755000000.0,
    "capex": -4967000000.0,
    "fcf": 6788000000.0,
    "grossMargin": 54.269,
    "operatingMargin": 15.003,
    "pretaxMargin": 9.801,
    "profitMargin": 7.82,
    "ebitdaMargin": 18.422,
    "ebitMargin": 15.003,
    "fcfMargin": 7.349,
    "dividendYield": 3.755,
    "dividendGrowthYears": 53.0,
    "payoutRatio": 105.651,
    "buybackYield": 0.417,
    "earningsYield": 3.483,
    "fcfYield": 3.273,
    "priceTarget": 157.71
  },
  "AVGO": {
    "industry": "\u534a\u5c0e\u9ad4",
    "marketcap": 1672331125241.0,
    "enterpriseValue": 1725842125241.0,
    "earningsdate": "Dec 11 2025",
    "exdivdate": "Sep 22 2025",
    "sharesOutClass": 4722365022.0,
    "sharesout": 4722365022.0,
    "sharesgrowthyoy": 4.296,
    "sharesgrowthqoq": 0.705,
    "float": 4662026157.0,
    "pe": 90.968,
    "peForward": 42.149,
    "ps": 27.764,
    "psForward": 21.022,
    "pb": 22.82,
    "pegRatio": 1.417,
    "evEarnings": 91.16,
    "evSales": 28.8,
    "evEbitda": 52.7,
    "evEbit": 72.7,
    "evFcf": 69.23,
    "currentRatio": 1.497,
    "quickRatio": 1.279,
    "debtEquity": 0.88,
    "debtEbitda": 1.95,
    "debtFcf": 2.58,
    "interestCoverage": 7.055,
    "assetturnover": 0.359,
    "inventoryturnover": 6.712,
    "shortInterest": 54295565.0,
    "shortShares": 1.15,
    "shortFloat": 1.165,
    "revenue": 59926000000.0,
    "gp": 46254000000.0,
    "opinc": 23739000000.0,
    "pretax": 19623000000.0,
    "netinc": 18932000000.0,
    "ebitda": 32746000000.0,
    "ebit": 23739000000.0,
    "debt": 64229000000.0,
    "workingcapital": 8294000000.0,
    "ncfo": 25438000000.0,
    "capex": -508000000.0,
    "fcf": 24930000000.0,
    "grossMargin": 77.185,
    "operatingMargin": 39.614,
    "pretaxMargin": 32.745,
    "profitMargin": 31.592,
    "ebitdaMargin": 54.644,
    "ebitMargin": 39.614,
    "fcfMargin": 41.601,
    "dividendYield": 0.666,
    "dividendGrowthYears": 15.0,
    "payoutRatio": 60.242,
    "buybackYield": -4.296,
    "earningsYield": 1.132,
    "fcfYield": 1.491,
    "priceTarget": 353.86
  },
  "ASML": {
    "industry": "\u534a\u5c0e\u9ad4",
    "marketcap": 402904200737.0,
    "enterpriseValue": 400085194107.0,
    "earningsdate": "Oct 15 2025",
    "exdivdate": "Jul 29 2025",
    "sharesOutClass": null,
    "sharesout": 387300000.0,
    "sharesgrowthyoy": -0.832,
    "sharesgrowthqoq": -0.206,
    "float": 386890740.0,
    "pe": 36.411,
    "peForward": 35.212,
    "ps": 10.697,
    "psForward": 11.877,
    "pb": 18.141,
    "pegRatio": null,
    "evEarnings": 36.16,
    "evSales": 10.62,
    "evEbitda": 28.14,
    "evEbit": 30.48,
    "evFcf": 38.4,
    "currentRatio": 1.308,
    "quickRatio": 0.604,
    "debtEquity": 0.14,
    "debtEbitda": 0.22,
    "debtFcf": 0.3,
    "interestCoverage": 69.04,
    "assetturnover": 0.742,
    "inventoryturnover": 1.314,
    "shortInterest": 2137455.0,
    "shortShares": 0.44,
    "shortFloat": null,
    "revenue": 37666043037.0,
    "gp": 19854186159.0,
    "opinc": 13126637046.0,
    "pretax": 13542680077.0,
    "netinc": 11065481761.0,
    "ebitda": 14216440601.0,
    "ebit": 13126637046.0,
    "debt": 3162652012.0,
    "workingcapital": 6923994388.0,
    "ncfo": 12620439665.0,
    "capex": -2139499533.0,
    "fcf": 10420006487.0,
    "grossMargin": 52.711,
    "operatingMargin": 34.85,
    "pretaxMargin": 35.955,
    "profitMargin": 29.378,
    "ebitdaMargin": 37.743,
    "ebitMargin": 34.85,
    "fcfMargin": 27.664,
    "dividendYield": 0.588,
    "dividendGrowthYears": 1.0,
    "payoutRatio": 21.441,
    "buybackYield": 0.832,
    "earningsYield": 2.746,
    "fcfYield": 2.586,
    "priceTarget": 1016.4
  },
  "ARM": {
    "industry": "\u534a\u5c0e\u9ad4",
    "marketcap": 180750120000.0,
    "enterpriseValue": 178240120000.0,
    "earningsdate": "Nov 5 2025",
    "exdivdate": null,
    "sharesOutClass": null,
    "sharesout": 1059000000.0,
    "sharesgrowthyoy": 1.188,
    "sharesgrowthqoq": null,
    "float": 133795674.0,
    "pe": 258.59,
    "peForward": 92.816,
    "ps": 43.633,
    "psForward": 35.714,
    "pb": 25.796,
    "pegRatio": 4.172,
    "evEarnings": 254.99,
    "evSales": 43.25,
    "evEbitda": 189.25,
    "evEbit": 233.6,
    "evFcf": 264.06,
    "currentRatio": 4.988,
    "quickRatio": 4.878,
    "debtEquity": 0.06,
    "debtEbitda": 0.4,
    "debtFcf": 0.59,
    "interestCoverage": null,
    "assetturnover": 0.477,
    "inventoryturnover": null,
    "shortInterest": 16281553.0,
    "shortShares": 10.53,
    "shortFloat": null,
    "revenue": 4121000000.0,
    "gp": 4003000000.0,
    "opinc": 763000000.0,
    "pretax": 622000000.0,
    "netinc": 699000000.0,
    "ebitda": 941800000.0,
    "ebit": 763000000.0,
    "debt": 396000000.0,
    "workingcapital": 4136000000.0,
    "ncfo": 1019000000.0,
    "capex": -344000000.0,
    "fcf": 675000000.0,
    "grossMargin": 97.137,
    "operatingMargin": 18.515,
    "pretaxMargin": 15.093,
    "profitMargin": 16.962,
    "ebitdaMargin": 22.854,
    "ebitMargin": 18.515,
    "fcfMargin": 16.38,
    "dividendYield": null,
    "dividendGrowthYears": null,
    "payoutRatio": null,
    "buybackYield": -1.188,
    "earningsYield": 0.387,
    "fcfYield": 0.373,
    "priceTarget": 167.83
  },
  "AMD": {
    "industry": "\u534a\u5c0e\u9ad4",
    "marketcap": 410449625822.0,
    "enterpriseValue": 408468625822.0,
    "earningsdate": "Nov 4 2025",
    "exdivdate": null,
    "sharesOutClass": 1622843689.0,
    "sharesout": 1622843689.0,
    "sharesgrowthyoy": -0.366,
    "sharesgrowthqoq": 0.246,
    "float": 1611350060.0,
    "pe": 151.454,
    "peForward": 50.012,
    "ps": 13.859,
    "psForward": 11.229,
    "pb": 6.876,
    "pegRatio": 1.265,
    "evEarnings": 144.13,
    "evSales": 13.8,
    "evEbitda": 74.13,
    "evEbit": 163.39,
    "evFcf": 101.03,
    "currentRatio": 2.491,
    "quickRatio": 1.174,
    "debtEquity": 0.07,
    "debtEbitda": 0.67,
    "debtFcf": 0.96,
    "interestCoverage": 25.0,
    "assetturnover": 0.415,
    "inventoryturnover": 2.487,
    "shortInterest": 37942273.0,
    "shortShares": 2.338,
    "shortFloat": 2.355,
    "revenue": 29600000000.0,
    "gp": 15092000000.0,
    "opinc": 2500000000.0,
    "pretax": 2411000000.0,
    "netinc": 2834000000.0,
    "ebitda": 5510000000.0,
    "ebit": 2500000000.0,
    "debt": 3886000000.0,
    "workingcapital": 14676000000.0,
    "ncfo": 4877000000.0,
    "capex": -834000000.0,
    "fcf": 4043000000.0,
    "grossMargin": 50.986,
    "operatingMargin": 8.446,
    "pretaxMargin": 8.145,
    "profitMargin": 9.574,
    "ebitdaMargin": 18.615,
    "ebitMargin": 8.446,
    "fcfMargin": 13.659,
    "dividendYield": null,
    "dividendGrowthYears": null,
    "payoutRatio": null,
    "buybackYield": 0.366,
    "earningsYield": 0.69,
    "fcfYield": 0.985,
    "priceTarget": 216.3
  },
  "NVDA": {
    "industry": "\u534a\u5c0e\u9ad4",
    "marketcap": 4526118000000.0,
    "enterpriseValue": 4479925000000.0,
    "earningsdate": "Nov 19 2025",
    "exdivdate": "Sep 11 2025",
    "sharesOutClass": 24300000000.0,
    "sharesout": 24300000000.0,
    "sharesgrowthyoy": -0.986,
    "sharesgrowthqoq": -0.321,
    "float": 23323163428.0,
    "pe": 53.058,
    "peForward": 32.639,
    "ps": 27.572,
    "psForward": 17.931,
    "pb": 45.289,
    "pegRatio": 0.911,
    "evEarnings": 51.73,
    "evSales": 27.12,
    "evEbitda": 45.58,
    "evEbit": 46.68,
    "evFcf": 62.2,
    "currentRatio": 4.214,
    "quickRatio": 3.488,
    "debtEquity": 0.11,
    "debtEbitda": 0.11,
    "debtFcf": 0.15,
    "interestCoverage": 390.163,
    "assetturnover": 1.462,
    "inventoryturnover": 4.605,
    "shortInterest": 226771413.0,
    "shortShares": 0.933,
    "shortFloat": 0.972,
    "revenue": 165218000000.0,
    "gp": 115400000000.0,
    "opinc": 95980000000.0,
    "pretax": 100650000000.0,
    "netinc": 86597000000.0,
    "ebitda": 98281000000.0,
    "ebit": 95980000000.0,
    "debt": 10598000000.0,
    "workingcapital": 77962000000.0,
    "ncfo": 77035000000.0,
    "capex": -5012000000.0,
    "fcf": 72023000000.0,
    "grossMargin": 69.847,
    "operatingMargin": 58.093,
    "pretaxMargin": 60.92,
    "profitMargin": 52.414,
    "ebitdaMargin": 59.486,
    "ebitMargin": 58.093,
    "fcfMargin": 43.593,
    "dividendYield": 0.021,
    "dividendGrowthYears": 1.0,
    "payoutRatio": 1.139,
    "buybackYield": 0.986,
    "earningsYield": 1.913,
    "fcfYield": 1.591,
    "priceTarget": 211.14
  },
  "MRVL": {
    "industry": "\u534a\u5c0e\u9ad4",
    "marketcap": 72528473000.0,
    "enterpriseValue": 76080373000.0,
    "earningsdate": "Dec 2 2025",
    "exdivdate": "Oct 10 2025",
    "sharesOutClass": 862100000.0,
    "sharesout": 862100000.0,
    "sharesgrowthyoy": 0.006,
    "sharesgrowthqoq": -0.594,
    "float": 859179049.0,
    "pe": null,
    "peForward": 27.457,
    "ps": 10.054,
    "psForward": 8.187,
    "pb": 5.404,
    "pegRatio": 0.825,
    "evEarnings": null,
    "evSales": 10.52,
    "evEbitda": 35.92,
    "evEbit": 95.92,
    "evFcf": 49.61,
    "currentRatio": 1.881,
    "quickRatio": 1.115,
    "debtEquity": 0.36,
    "debtEbitda": 2.2,
    "debtFcf": 3.11,
    "interestCoverage": 4.114,
    "assetturnover": 0.354,
    "inventoryturnover": 3.902,
    "shortInterest": 41324835.0,
    "shortShares": 4.794,
    "shortFloat": 4.81,
    "revenue": 7234900000.0,
    "gp": 3587700000.0,
    "opinc": 793200000.0,
    "pretax": -101100000.0,
    "netinc": -103400000.0,
    "ebitda": 2118300000.0,
    "ebit": 793200000.0,
    "debt": 4776300000.0,
    "workingcapital": 2113600000.0,
    "ncfo": 1844800000.0,
    "capex": -311200000.0,
    "fcf": 1533600000.0,
    "grossMargin": 49.589,
    "operatingMargin": 10.964,
    "pretaxMargin": -1.397,
    "profitMargin": -1.429,
    "ebitdaMargin": 29.279,
    "ebitMargin": 10.964,
    "fcfMargin": 21.197,
    "dividendYield": 0.285,
    "dividendGrowthYears": null,
    "payoutRatio": null,
    "buybackYield": -0.006,
    "earningsYield": -0.143,
    "fcfYield": 2.114,
    "priceTarget": 94.68
  },
  "INTC": {
    "industry": "\u534a\u5c0e\u9ad4",
    "marketcap": 182442480000.0,
    "enterpriseValue": 198060480000.0,
    "earningsdate": "Oct 23 2025",
    "exdivdate": null,
    "sharesOutClass": 4766000000.0,
    "sharesout": 4766000000.0,
    "sharesgrowthyoy": 3.184,
    "sharesgrowthqoq": 3.708,
    "float": 4749093995.0,
    "pe": 921.427,
    "peForward": 87.718,
    "ps": 3.142,
    "psForward": 3.394,
    "pb": 1.715,
    "pegRatio": null,
    "evEarnings": 1000.31,
    "evSales": 3.71,
    "evEbitda": 19.93,
    "evEbit": null,
    "evFcf": null,
    "currentRatio": 1.602,
    "quickRatio": 1.057,
    "debtEquity": 0.4,
    "debtEbitda": 4.57,
    "debtFcf": null,
    "interestCoverage": -2.268,
    "assetturnover": 0.268,
    "inventoryturnover": 3.061,
    "shortInterest": 121832917.0,
    "shortShares": 2.556,
    "shortFloat": 2.565,
    "revenue": 53439000000.0,
    "gp": 17396000000.0,
    "opinc": -1724000000.0,
    "pretax": 1818000000.0,
    "netinc": 198000000.0,
    "ebitda": 9938000000.0,
    "ebit": -1724000000.0,
    "debt": 46553000000.0,
    "workingcapital": 19434000000.0,
    "ncfo": 8574000000.0,
    "capex": -16992000000.0,
    "fcf": -8418000000.0,
    "grossMargin": 32.553,
    "operatingMargin": -3.226,
    "pretaxMargin": 3.402,
    "profitMargin": 0.371,
    "ebitdaMargin": 18.597,
    "ebitMargin": -3.226,
    "fcfMargin": null,
    "dividendYield": null,
    "dividendGrowthYears": null,
    "payoutRatio": null,
    "buybackYield": -3.184,
    "earningsYield": 0.109,
    "fcfYield": -4.614,
    "priceTarget": 30.62
  },
  "MU": {
    "industry": "\u534a\u5c0e\u9ad4",
    "marketcap": 245842510986.0,
    "enterpriseValue": 249258510986.0,
    "earningsdate": "Sep 23 2025",
    "exdivdate": "Oct 3 2025",
    "sharesOutClass": 1122466035.0,
    "sharesout": 1122466035.0,
    "sharesgrowthyoy": 0.626,
    "sharesgrowthqoq": 0.533,
    "float": 1117877318.0,
    "pe": 28.856,
    "peForward": 13.134,
    "ps": 6.539,
    "psForward": 4.631,
    "pb": 4.537,
    "pegRatio": 0.2,
    "evEarnings": 29.19,
    "evSales": 6.67,
    "evEbitda": 13.78,
    "evEbit": 25.41,
    "evFcf": 149.44,
    "currentRatio": 2.518,
    "quickRatio": 1.709,
    "debtEquity": 0.28,
    "debtEbitda": 0.84,
    "debtFcf": 9.2,
    "interestCoverage": 20.564,
    "assetturnover": 0.491,
    "inventoryturnover": 2.612,
    "shortInterest": 22170120.0,
    "shortShares": 1.975,
    "shortFloat": 1.983,
    "revenue": 37378000000.0,
    "gp": 14873000000.0,
    "opinc": 9809000000.0,
    "pretax": 9663000000.0,
    "netinc": 8539000000.0,
    "ebitda": 18090000000.0,
    "ebit": 9809000000.0,
    "debt": 15352000000.0,
    "workingcapital": 17387000000.0,
    "ncfo": 17525000000.0,
    "capex": -15857000000.0,
    "fcf": 1668000000.0,
    "grossMargin": 39.791,
    "operatingMargin": 26.243,
    "pretaxMargin": 25.852,
    "profitMargin": 22.845,
    "ebitdaMargin": 48.397,
    "ebitMargin": 26.243,
    "fcfMargin": 4.463,
    "dividendYield": 0.21,
    "dividendGrowthYears": null,
    "payoutRatio": 6.061,
    "buybackYield": -0.626,
    "earningsYield": 3.473,
    "fcfYield": 0.678,
    "priceTarget": 193.73
  },
  "CLS": {
    "industry": "\u534a\u5c0e\u9ad4",
    "marketcap": 34103275055.0,
    "enterpriseValue": 34783789143.0,
    "earningsdate": "Oct 27 2025",
    "exdivdate": null,
    "sharesOutClass": 115032686.0,
    "sharesout": 115032686.0,
    "sharesgrowthyoy": -1.883,
    "sharesgrowthqoq": -0.855,
    "float": 114446621.0,
    "pe": 64.641,
    "peForward": 46.524,
    "ps": 3.221,
    "psForward": 2.704,
    "pb": 19.4,
    "pegRatio": null,
    "evEarnings": 64.61,
    "evSales": 3.29,
    "evEbitda": 37.81,
    "evEbit": 45.89,
    "evFcf": 90.09,
    "currentRatio": 1.437,
    "quickRatio": 0.784,
    "debtEquity": 0.58,
    "debtEbitda": 1.06,
    "debtFcf": 2.63,
    "interestCoverage": 49.868,
    "assetturnover": 1.747,
    "inventoryturnover": 4.977,
    "shortInterest": 5343990.0,
    "shortShares": 4.67,
    "shortFloat": null,
    "revenue": 10587200000.0,
    "gp": 1202700000.0,
    "opinc": 758000000.0,
    "pretax": 684500000.0,
    "netinc": 538400000.0,
    "ebitda": 920000000.0,
    "ebit": 758000000.0,
    "debt": 1016500000.0,
    "workingcapital": 1450200000.0,
    "ncfo": 548900000.0,
    "capex": -162800000.0,
    "fcf": 386100000.0,
    "grossMargin": 11.36,
    "operatingMargin": 7.16,
    "pretaxMargin": 6.465,
    "profitMargin": 5.085,
    "ebitdaMargin": 8.69,
    "ebitMargin": 7.16,
    "fcfMargin": 3.647,
    "dividendYield": null,
    "dividendGrowthYears": null,
    "payoutRatio": null,
    "buybackYield": 1.883,
    "earningsYield": 1.579,
    "fcfYield": 1.132,
    "priceTarget": 224.36
  },
  "QCOM": {
    "industry": "\u534a\u5c0e\u9ad4",
    "marketcap": 181206300238.0,
    "enterpriseValue": 185983300238.0,
    "earningsdate": "Nov 5 2025",
    "exdivdate": "Dec 4 2025",
    "sharesOutClass": 1072607436.0,
    "sharesout": 1072607436.0,
    "sharesgrowthyoy": -1.107,
    "sharesgrowthqoq": -1.435,
    "float": 1070265358.0,
    "pe": 16.307,
    "peForward": 14.175,
    "ps": 4.318,
    "psForward": 4.031,
    "pb": 6.731,
    "pegRatio": 2.544,
    "evEarnings": 16.06,
    "evSales": 4.3,
    "evEbitda": 13.41,
    "evEbit": 15.24,
    "evFcf": 16.0,
    "currentRatio": 3.194,
    "quickRatio": 1.721,
    "debtEquity": 0.54,
    "debtEbitda": 1.05,
    "debtFcf": 1.27,
    "interestCoverage": 18.129,
    "assetturnover": 0.804,
    "inventoryturnover": 2.689,
    "shortInterest": 23832501.0,
    "shortShares": 2.222,
    "shortFloat": 2.227,
    "revenue": 43257000000.0,
    "gp": 24086000000.0,
    "opinc": 12201000000.0,
    "pretax": 12288000000.0,
    "netinc": 11578000000.0,
    "ebitda": 13871000000.0,
    "ebit": 12201000000.0,
    "debt": 14788000000.0,
    "workingcapital": 17113000000.0,
    "ncfo": 12663000000.0,
    "capex": -1041000000.0,
    "fcf": 11622000000.0,
    "grossMargin": 55.681,
    "operatingMargin": 28.206,
    "pretaxMargin": 28.407,
    "profitMargin": 26.766,
    "ebitdaMargin": 32.066,
    "ebitMargin": 28.206,
    "fcfMargin": 26.867,
    "dividendYield": 2.107,
    "dividendGrowthYears": 22.0,
    "payoutRatio": 33.963,
    "buybackYield": 1.107,
    "earningsYield": 6.389,
    "fcfYield": 6.414,
    "priceTarget": 183.6
  },
  "SWKS": {
    "industry": "\u534a\u5c0e\u9ad4",
    "marketcap": 10989577135.0,
    "enterpriseValue": 10860677135.0,
    "earningsdate": "Nov 4 2025",
    "exdivdate": "Aug 26 2025",
    "sharesOutClass": 148427568.0,
    "sharesout": 148427568.0,
    "sharesgrowthyoy": -1.999,
    "sharesgrowthqoq": -5.353,
    "float": 147382125.0,
    "pe": 29.576,
    "peForward": 16.575,
    "ps": 2.901,
    "psForward": 2.934,
    "pb": 1.944,
    "pegRatio": null,
    "evEarnings": 27.41,
    "evSales": 2.71,
    "evEbitda": 12.53,
    "evEbit": 18.38,
    "evFcf": 8.01,
    "currentRatio": 2.387,
    "quickRatio": 1.422,
    "debtEquity": 0.21,
    "debtEbitda": 1.31,
    "debtFcf": 0.89,
    "interestCoverage": 21.808,
    "assetturnover": 0.503,
    "inventoryturnover": 3.07,
    "shortInterest": 10207852.0,
    "shortShares": 6.877,
    "shortFloat": 6.926,
    "revenue": 4011700000.0,
    "gp": 1664400000.0,
    "opinc": 591000000.0,
    "pretax": 463100000.0,
    "netinc": 396200000.0,
    "ebitda": 866900000.0,
    "ebit": 591000000.0,
    "debt": 1207800000.0,
    "workingcapital": 1671400000.0,
    "ncfo": 1576900000.0,
    "capex": -221800000.0,
    "fcf": 1355100000.0,
    "grossMargin": 41.489,
    "operatingMargin": 14.732,
    "pretaxMargin": 11.544,
    "profitMargin": 9.876,
    "ebitdaMargin": 21.609,
    "ebitMargin": 14.732,
    "fcfMargin": 33.779,
    "dividendYield": 3.782,
    "dividendGrowthYears": 11.0,
    "payoutRatio": 112.247,
    "buybackYield": 1.999,
    "earningsYield": 3.605,
    "fcfYield": 12.331,
    "priceTarget": 72.69
  },
  "AMAT": {
    "industry": "\u534a\u5c0e\u9ad4",
    "marketcap": 182231955176.0,
    "enterpriseValue": 181979955176.0,
    "earningsdate": "Nov 13 2025",
    "exdivdate": "Nov 20 2025",
    "sharesOutClass": 796642427.0,
    "sharesout": 796642427.0,
    "sharesgrowthyoy": -2.48,
    "sharesgrowthqoq": -1.232,
    "float": 793618580.0,
    "pe": 27.299,
    "peForward": 25.455,
    "ps": 6.48,
    "psForward": 6.395,
    "pb": 9.343,
    "pegRatio": 3.331,
    "evEarnings": 26.64,
    "evSales": 6.36,
    "evEbitda": 20.1,
    "evEbit": 21.1,
    "evFcf": 31.25,
    "currentRatio": 2.501,
    "quickRatio": 1.622,
    "debtEquity": 0.35,
    "debtEbitda": 0.75,
    "debtFcf": 1.16,
    "interestCoverage": 32.663,
    "assetturnover": 0.843,
    "inventoryturnover": 2.591,
    "shortInterest": 19677583.0,
    "shortShares": 2.47,
    "shortFloat": 2.479,
    "revenue": 28613000000.0,
    "gp": 13878000000.0,
    "opinc": 8623000000.0,
    "pretax": 8899000000.0,
    "netinc": 6832000000.0,
    "ebitda": 9054000000.0,
    "ebit": 8623000000.0,
    "debt": 6762000000.0,
    "workingcapital": 11835000000.0,
    "ncfo": 7705000000.0,
    "capex": -1882000000.0,
    "fcf": 5823000000.0,
    "grossMargin": 48.502,
    "operatingMargin": 30.137,
    "pretaxMargin": 31.101,
    "profitMargin": 23.877,
    "ebitdaMargin": 31.643,
    "ebitMargin": 30.137,
    "fcfMargin": 20.351,
    "dividendYield": 0.804,
    "dividendGrowthYears": 7.0,
    "payoutRatio": 21.242,
    "buybackYield": 2.48,
    "earningsYield": 3.749,
    "fcfYield": 3.195,
    "priceTarget": 211.32
  },
  "HPE": {
    "industry": "\u534a\u5c0e\u9ad4",
    "marketcap": 31007076457.0,
    "enterpriseValue": 50827076457.0,
    "earningsdate": "Dec 4 2025",
    "exdivdate": "Sep 18 2025",
    "sharesOutClass": 1319450062.0,
    "sharesout": 1319450062.0,
    "sharesgrowthyoy": 0.908,
    "sharesgrowthqoq": 7.489,
    "float": 1313453174.0,
    "pe": 27.292,
    "peForward": 10.36,
    "ps": 0.937,
    "psForward": 0.774,
    "pb": 1.27,
    "pegRatio": 0.954,
    "evEarnings": 44.74,
    "evSales": 1.54,
    "evEbitda": 10.69,
    "evEbit": 22.53,
    "evFcf": 225.9,
    "currentRatio": 0.951,
    "quickRatio": 0.512,
    "debtEquity": 0.97,
    "debtEbitda": 4.76,
    "debtFcf": 105.44,
    "interestCoverage": 8.677,
    "assetturnover": 0.479,
    "inventoryturnover": 3.057,
    "shortInterest": 44195516.0,
    "shortShares": 3.35,
    "shortFloat": 3.365,
    "revenue": 33075000000.0,
    "gp": 9882000000.0,
    "opinc": 2256000000.0,
    "pretax": 1393000000.0,
    "netinc": 1136000000.0,
    "ebitda": 4756000000.0,
    "ebit": 2256000000.0,
    "debt": 23725000000.0,
    "workingcapital": -1345000000.0,
    "ncfo": 2484000000.0,
    "capex": -2259000000.0,
    "fcf": 225000000.0,
    "grossMargin": 29.878,
    "operatingMargin": 6.821,
    "pretaxMargin": 4.212,
    "profitMargin": 3.773,
    "ebitdaMargin": 14.379,
    "ebitMargin": 6.821,
    "fcfMargin": 0.68,
    "dividendYield": 2.213,
    "dividendGrowthYears": 2.0,
    "payoutRatio": 60.391,
    "buybackYield": -0.908,
    "earningsYield": 3.664,
    "fcfYield": 0.726,
    "priceTarget": 26.0
  },
  "TSM": {
    "industry": "\u534a\u5c0e\u9ad4",
    "marketcap": 1221210518552.0,
    "enterpriseValue": 1164144297036.0,
    "earningsdate": "Oct 16 2025",
    "exdivdate": "Sep 16 2025",
    "sharesOutClass": null,
    "sharesout": 25930000000.0,
    "sharesgrowthyoy": 0.001,
    "sharesgrowthqoq": 0.004,
    "float": 24172284175.0,
    "pe": 23.683,
    "peForward": 20.28,
    "ps": 10.251,
    "psForward": 0.303,
    "pb": 7.393,
    "pegRatio": null,
    "evEarnings": 22.58,
    "evSales": 9.77,
    "evEbitda": 14.24,
    "evEbit": 19.74,
    "evFcf": 40.25,
    "currentRatio": 2.693,
    "quickRatio": 2.397,
    "debtEquity": 0.19,
    "debtEbitda": 0.38,
    "debtFcf": 1.09,
    "interestCoverage": 171.318,
    "assetturnover": 0.537,
    "inventoryturnover": 5.123,
    "shortInterest": 34082449.0,
    "shortShares": 0.66,
    "shortFloat": null,
    "revenue": 119125597213.0,
    "gp": 70256055741.0,
    "opinc": 58983483227.0,
    "pretax": 62265418017.0,
    "netinc": 51565778846.0,
    "ebitda": 81750192059.0,
    "ebit": 58983483227.0,
    "debt": 31382331762.0,
    "workingcapital": 70860418686.0,
    "ncfo": 71174134570.0,
    "capex": -41905692426.0,
    "fcf": 28922986797.0,
    "grossMargin": 58.976,
    "operatingMargin": 49.514,
    "pretaxMargin": 52.269,
    "profitMargin": 43.287,
    "ebitdaMargin": 68.625,
    "ebitMargin": 49.514,
    "fcfMargin": 24.279,
    "dividendYield": 0.774,
    "dividendGrowthYears": 2.0,
    "payoutRatio": 22.947,
    "buybackYield": -0.001,
    "earningsYield": 4.223,
    "fcfYield": 2.368,
    "priceTarget": 371.67
  },
  "DELL": {
    "industry": "\u534a\u5c0e\u9ad4",
    "marketcap": 106320557031.0,
    "enterpriseValue": 127693557031.0,
    "earningsdate": "Nov 25 2025",
    "exdivdate": "Oct 21 2025",
    "sharesOutClass": 338646945.0,
    "sharesout": 670200183.0,
    "sharesgrowthyoy": -3.493,
    "sharesgrowthqoq": -2.279,
    "float": 315459077.0,
    "pe": 23.095,
    "peForward": 15.167,
    "ps": 1.084,
    "psForward": 0.955,
    "pb": null,
    "pegRatio": 0.948,
    "evEarnings": 26.4,
    "evSales": 1.26,
    "evEbitda": 12.59,
    "evEbit": 17.2,
    "evFcf": 26.27,
    "currentRatio": 0.83,
    "quickRatio": 0.531,
    "debtEquity": null,
    "debtEbitda": 2.82,
    "debtFcf": 6.07,
    "interestCoverage": 5.24,
    "assetturnover": 1.181,
    "inventoryturnover": 12.136,
    "shortInterest": 13201287.0,
    "shortShares": 1.97,
    "shortFloat": 4.185,
    "revenue": 101451000000.0,
    "gp": 21570000000.0,
    "opinc": 7425000000.0,
    "pretax": 5940000000.0,
    "netinc": 4837000000.0,
    "ebitda": 10139000000.0,
    "ebit": 7425000000.0,
    "debt": 29518000000.0,
    "workingcapital": -9350000000.0,
    "ncfo": 7477000000.0,
    "capex": -2617000000.0,
    "fcf": 4860000000.0,
    "grossMargin": 21.261,
    "operatingMargin": 7.319,
    "pretaxMargin": 5.855,
    "profitMargin": 4.768,
    "ebitdaMargin": 9.994,
    "ebitMargin": 7.319,
    "fcfMargin": 4.79,
    "dividendYield": 1.324,
    "dividendGrowthYears": 3.0,
    "payoutRatio": 29.408,
    "buybackYield": 3.493,
    "earningsYield": 4.549,
    "fcfYield": 4.571,
    "priceTarget": 165.65
  },
  "QRVO": {
    "industry": "\u534a\u5c0e\u9ad4",
    "marketcap": 8404668287.0,
    "enterpriseValue": 8788390287.0,
    "earningsdate": "Nov 3 2025",
    "exdivdate": null,
    "sharesOutClass": 92654264.0,
    "sharesout": 92654264.0,
    "sharesgrowthyoy": -2.099,
    "sharesgrowthqoq": -0.356,
    "float": 84257655.0,
    "pe": 107.097,
    "peForward": 14.229,
    "ps": 2.334,
    "psForward": 2.182,
    "pb": 2.449,
    "pegRatio": 1.592,
    "evEarnings": 108.77,
    "evSales": 2.41,
    "evEbitda": 12.95,
    "evEbit": 22.5,
    "evFcf": 14.97,
    "currentRatio": 2.814,
    "quickRatio": 1.89,
    "debtEquity": 0.45,
    "debtEbitda": 2.18,
    "debtFcf": 2.64,
    "interestCoverage": 4.881,
    "assetturnover": 0.587,
    "inventoryturnover": 3.058,
    "shortInterest": 3009941.0,
    "shortShares": 3.249,
    "shortFloat": 3.572,
    "revenue": 3651078000.0,
    "gp": 1565047000.0,
    "opinc": 390578000.0,
    "pretax": 98307000.0,
    "netinc": 80795000.0,
    "ebitda": 678724000.0,
    "ebit": 390578000.0,
    "debt": 1549200000.0,
    "workingcapital": 1447926000.0,
    "ncfo": 724062000.0,
    "capex": -136911000.0,
    "fcf": 587151000.0,
    "grossMargin": 42.865,
    "operatingMargin": 10.698,
    "pretaxMargin": 2.693,
    "profitMargin": 2.213,
    "ebitdaMargin": 18.59,
    "ebitMargin": 10.698,
    "fcfMargin": 16.082,
    "dividendYield": null,
    "dividendGrowthYears": null,
    "payoutRatio": null,
    "buybackYield": 2.099,
    "earningsYield": 0.961,
    "fcfYield": 6.986,
    "priceTarget": 93.83
  },
  "VLO": {
    "industry": "\u539f\u6cb9",
    "marketcap": 52171881646.0,
    "enterpriseValue": 57988881646.0,
    "earningsdate": "Oct 23 2025",
    "exdivdate": "Jul 31 2025",
    "sharesOutClass": 305009539.0,
    "sharesout": 305009539.0,
    "sharesgrowthyoy": -4.208,
    "sharesgrowthqoq": -0.962,
    "float": 309150718.0,
    "pe": 35.822,
    "peForward": 13.939,
    "ps": 0.458,
    "psForward": 0.453,
    "pb": 2.196,
    "pegRatio": 0.929,
    "evEarnings": 38.89,
    "evSales": 0.5,
    "evEbitda": 9.27,
    "evEbit": 16.99,
    "evFcf": 14.64,
    "currentRatio": 1.596,
    "quickRatio": 1.002,
    "debtEquity": 0.4,
    "debtEbitda": 1.46,
    "debtFcf": 2.67,
    "interestCoverage": 6.185,
    "assetturnover": 1.959,
    "inventoryturnover": 15.146,
    "shortInterest": 11120191.0,
    "shortShares": 3.646,
    "shortFloat": 3.597,
    "revenue": 116553000000.0,
    "gp": 7184000000.0,
    "opinc": 3414000000.0,
    "pretax": 1804000000.0,
    "netinc": 1491000000.0,
    "ebitda": 6253000000.0,
    "ebit": 3414000000.0,
    "debt": 10581000000.0,
    "workingcapital": 8775000000.0,
    "ncfo": 4839000000.0,
    "capex": -879000000.0,
    "fcf": 3960000000.0,
    "grossMargin": 6.164,
    "operatingMargin": 2.929,
    "pretaxMargin": 1.548,
    "profitMargin": 1.283,
    "ebitdaMargin": 5.365,
    "ebitMargin": 2.929,
    "fcfMargin": 3.398,
    "dividendYield": 2.643,
    "dividendGrowthYears": 2.0,
    "payoutRatio": 93.654,
    "buybackYield": 4.208,
    "earningsYield": 2.858,
    "fcfYield": 7.59,
    "priceTarget": 176.71
  },
  "OXY": {
    "industry": "\u539f\u6cb9",
    "marketcap": 41907599817.0,
    "enterpriseValue": 63755599817.0,
    "earningsdate": "Nov 10 2025",
    "exdivdate": "Sep 10 2025",
    "sharesOutClass": 984439742.0,
    "sharesout": 984439742.0,
    "sharesgrowthyoy": 3.594,
    "sharesgrowthqoq": 2.798,
    "float": 980629244.0,
    "pe": 24.873,
    "peForward": 21.057,
    "ps": 1.488,
    "psForward": 1.564,
    "pb": 1.527,
    "pegRatio": 11.084,
    "evEarnings": 36.85,
    "evSales": 2.35,
    "evEbitda": 4.83,
    "evEbit": 12.44,
    "evFcf": 14.09,
    "currentRatio": 1.048,
    "quickRatio": 0.751,
    "debtEquity": 0.67,
    "debtEbitda": 1.71,
    "debtFcf": 5.34,
    "interestCoverage": 4.155,
    "assetturnover": 0.338,
    "inventoryturnover": 4.178,
    "shortInterest": 34457644.0,
    "shortShares": 3.5,
    "shortFloat": 3.514,
    "revenue": 27150000000.0,
    "gp": 17360000000.0,
    "opinc": 5123000000.0,
    "pretax": 3495000000.0,
    "netinc": 1730000000.0,
    "ebitda": 13213000000.0,
    "ebit": 5123000000.0,
    "debt": 24174000000.0,
    "workingcapital": 413000000.0,
    "ncfo": 12146000000.0,
    "capex": -7620000000.0,
    "fcf": 4526000000.0,
    "grossMargin": 63.941,
    "operatingMargin": 18.869,
    "pretaxMargin": 12.873,
    "profitMargin": 9.002,
    "ebitdaMargin": 48.667,
    "ebitMargin": 18.869,
    "fcfMargin": 16.67,
    "dividendYield": 2.255,
    "dividendGrowthYears": 3.0,
    "payoutRatio": 54.923,
    "buybackYield": -3.594,
    "earningsYield": 4.128,
    "fcfYield": 10.8,
    "priceTarget": 50.13
  },
  "COP": {
    "industry": "\u539f\u6cb9",
    "marketcap": 109944391637.0,
    "enterpriseValue": 128133391637.0,
    "earningsdate": "Nov 6 2025",
    "exdivdate": "Aug 18 2025",
    "sharesOutClass": 1248942311.0,
    "sharesout": 1248942311.0,
    "sharesgrowthyoy": 3.492,
    "sharesgrowthqoq": -1.246,
    "float": 1246592184.0,
    "pe": 11.791,
    "peForward": 15.505,
    "ps": 1.816,
    "psForward": 1.876,
    "pb": 1.677,
    "pegRatio": 6.964,
    "evEarnings": 13.99,
    "evSales": 2.16,
    "evEbitda": 5.1,
    "evEbit": 8.86,
    "evFcf": 18.51,
    "currentRatio": 1.269,
    "quickRatio": 1.005,
    "debtEquity": 0.36,
    "debtEbitda": 0.92,
    "debtFcf": 3.4,
    "interestCoverage": 17.707,
    "assetturnover": 0.543,
    "inventoryturnover": 18.387,
    "shortInterest": 13354172.0,
    "shortShares": 1.069,
    "shortFloat": 1.071,
    "revenue": 59386000000.0,
    "gp": 28643000000.0,
    "opinc": 14467000000.0,
    "pretax": 13688000000.0,
    "netinc": 9156000000.0,
    "ebitda": 25143000000.0,
    "ebit": 14467000000.0,
    "debt": 23529000000.0,
    "workingcapital": 2953000000.0,
    "ncfo": 19820000000.0,
    "capex": -12897000000.0,
    "fcf": 6923000000.0,
    "grossMargin": 48.232,
    "operatingMargin": 24.361,
    "pretaxMargin": 23.049,
    "profitMargin": 15.467,
    "ebitdaMargin": 42.338,
    "ebitMargin": 24.361,
    "fcfMargin": 11.658,
    "dividendYield": 3.544,
    "dividendGrowthYears": null,
    "payoutRatio": 41.79,
    "buybackYield": -3.492,
    "earningsYield": 8.328,
    "fcfYield": 6.297,
    "priceTarget": 115.94
  },
  "CVX": {
    "industry": "\u539f\u6cb9",
    "marketcap": 315668632891.0,
    "enterpriseValue": 341069632891.0,
    "earningsdate": "Oct 31 2025",
    "exdivdate": "Aug 19 2025",
    "sharesOutClass": 2029240376.0,
    "sharesout": 2029240376.0,
    "sharesgrowthyoy": -4.919,
    "sharesgrowthqoq": -1.536,
    "float": 1894462746.0,
    "pe": 20.024,
    "peForward": 21.871,
    "ps": 1.446,
    "psForward": 1.604,
    "pb": 1.836,
    "pegRatio": 3.545,
    "evEarnings": 24.87,
    "evSales": 1.8,
    "evEbitda": 9.32,
    "evEbit": 17.53,
    "evFcf": 21.18,
    "currentRatio": 0.996,
    "quickRatio": 0.62,
    "debtEquity": 0.2,
    "debtEbitda": 0.8,
    "debtFcf": 1.83,
    "interestCoverage": 22.921,
    "assetturnover": 0.74,
    "inventoryturnover": 11.937,
    "shortInterest": 16108313.0,
    "shortShares": 0.794,
    "shortFloat": 0.85,
    "revenue": 189265000000.0,
    "gp": 74136000000.0,
    "opinc": 19460000000.0,
    "pretax": 22278000000.0,
    "netinc": 13716000000.0,
    "ebitda": 36614000000.0,
    "ebit": 19460000000.0,
    "debt": 29467000000.0,
    "workingcapital": -136000000.0,
    "ncfo": 32134000000.0,
    "capex": -16032000000.0,
    "fcf": 16102000000.0,
    "grossMargin": 39.17,
    "operatingMargin": 10.282,
    "pretaxMargin": 11.771,
    "profitMargin": 7.247,
    "ebitdaMargin": 19.345,
    "ebitMargin": 10.282,
    "fcfMargin": 8.508,
    "dividendYield": 4.397,
    "dividendGrowthYears": 38.0,
    "payoutRatio": 87.016,
    "buybackYield": 4.919,
    "earningsYield": 4.345,
    "fcfYield": 5.101,
    "priceTarget": 170.56
  },
  "XOM": {
    "industry": "\u539f\u6cb9",
    "marketcap": 491936073753.0,
    "enterpriseValue": 516573073753.0,
    "earningsdate": "Oct 31 2025",
    "exdivdate": "Aug 15 2025",
    "sharesOutClass": 4263247021.0,
    "sharesout": 4263247021.0,
    "sharesgrowthyoy": 7.471,
    "sharesgrowthqoq": -0.915,
    "float": 4254062737.0,
    "pe": 16.35,
    "peForward": 16.383,
    "ps": 1.537,
    "psForward": 1.453,
    "pb": 1.873,
    "pegRatio": 1.469,
    "evEarnings": 16.66,
    "evSales": 1.57,
    "evEbitda": 8.28,
    "evEbit": 13.47,
    "evFcf": 17.74,
    "currentRatio": 1.249,
    "quickRatio": 0.824,
    "debtEquity": 0.14,
    "debtEbitda": 0.58,
    "debtFcf": 1.34,
    "interestCoverage": 44.899,
    "assetturnover": 0.726,
    "inventoryturnover": 9.123,
    "shortInterest": 38673511.0,
    "shortShares": 0.907,
    "shortFloat": 0.909,
    "revenue": 329816000000.0,
    "gp": 102310000000.0,
    "opinc": 38344000000.0,
    "pretax": 45144000000.0,
    "netinc": 31015000000.0,
    "ebitda": 62382000000.0,
    "ebit": 38344000000.0,
    "debt": 38989000000.0,
    "workingcapital": 16947000000.0,
    "ncfo": 54301000000.0,
    "capex": -25178000000.0,
    "fcf": 29123000000.0,
    "grossMargin": 31.02,
    "operatingMargin": 11.626,
    "pretaxMargin": 13.688,
    "profitMargin": 9.404,
    "ebitdaMargin": 18.914,
    "ebitMargin": 11.626,
    "fcfMargin": 8.83,
    "dividendYield": 3.432,
    "dividendGrowthYears": 44.0,
    "payoutRatio": 56.109,
    "buybackYield": -7.471,
    "earningsYield": 6.305,
    "fcfYield": 5.92,
    "priceTarget": 127.06
  },
  "IHG": {
    "industry": "\u65c5\u904a",
    "marketcap": 18821953987.0,
    "enterpriseValue": 22214014737.0,
    "earningsdate": "Aug 2 2016",
    "exdivdate": "Aug 22 2025",
    "sharesOutClass": null,
    "sharesout": 156300000.0,
    "sharesgrowthyoy": -3.626,
    "sharesgrowthqoq": -2.048,
    "float": 141139895.0,
    "pe": 25.096,
    "peForward": 23.264,
    "ps": 3.676,
    "psForward": 4.689,
    "pb": null,
    "pegRatio": null,
    "evEarnings": 29.62,
    "evSales": 4.34,
    "evEbitda": 18.99,
    "evEbit": 19.52,
    "evFcf": 26.2,
    "currentRatio": 0.792,
    "quickRatio": 0.788,
    "debtEquity": null,
    "debtEbitda": 3.45,
    "debtFcf": 4.84,
    "interestCoverage": 6.578,
    "assetturnover": 1.076,
    "inventoryturnover": 502.75,
    "shortInterest": 1015001.0,
    "shortShares": 1.37,
    "shortFloat": null,
    "revenue": 5120000000.0,
    "gp": 3109000000.0,
    "opinc": 1138000000.0,
    "pretax": 1058000000.0,
    "netinc": 750000000.0,
    "ebitda": 1170000000.0,
    "ebit": 1138000000.0,
    "debt": 4108000000.0,
    "workingcapital": -436000000.0,
    "ncfo": 874000000.0,
    "capex": -26000000.0,
    "fcf": 848000000.0,
    "grossMargin": 60.723,
    "operatingMargin": 22.227,
    "pretaxMargin": 20.664,
    "profitMargin": 14.648,
    "ebitdaMargin": 22.852,
    "ebitMargin": 22.227,
    "fcfMargin": 16.563,
    "dividendYield": 1.351,
    "dividendGrowthYears": 2.0,
    "payoutRatio": 35.713,
    "buybackYield": 3.626,
    "earningsYield": 3.985,
    "fcfYield": 4.505,
    "priceTarget": null
  },
  "HLT": {
    "industry": "\u65c5\u904a",
    "marketcap": 62239164400.0,
    "enterpriseValue": 73533164400.0,
    "earningsdate": "Oct 22 2025",
    "exdivdate": "Nov 21 2025",
    "sharesOutClass": 232435166.0,
    "sharesout": 232435166.0,
    "sharesgrowthyoy": -4.931,
    "sharesgrowthqoq": -0.837,
    "float": 227941127.0,
    "pe": 38.737,
    "peForward": 30.329,
    "ps": 13.141,
    "psForward": 4.917,
    "pb": null,
    "pegRatio": 2.494,
    "evEarnings": 44.16,
    "evSales": 15.1,
    "evEbitda": 26.86,
    "evEbit": 28.62,
    "evFcf": 30.78,
    "currentRatio": 0.664,
    "quickRatio": 0.577,
    "debtEquity": null,
    "debtEbitda": 4.35,
    "debtFcf": 5.17,
    "interestCoverage": 4.198,
    "assetturnover": 0.292,
    "inventoryturnover": null,
    "shortInterest": 7524311.0,
    "shortShares": 3.237,
    "shortFloat": 3.301,
    "revenue": 4870000000.0,
    "gp": 3775000000.0,
    "opinc": 2569000000.0,
    "pretax": 1979000000.0,
    "netinc": 1665000000.0,
    "ebitda": 2738000000.0,
    "ebit": 2569000000.0,
    "debt": 12351000000.0,
    "workingcapital": -1579000000.0,
    "ncfo": 2508000000.0,
    "capex": -119000000.0,
    "fcf": 2389000000.0,
    "grossMargin": 77.515,
    "operatingMargin": 52.752,
    "pretaxMargin": 40.637,
    "profitMargin": 34.189,
    "ebitdaMargin": 56.222,
    "ebitMargin": 52.752,
    "fcfMargin": 49.055,
    "dividendYield": 0.224,
    "dividendGrowthYears": null,
    "payoutRatio": 8.68,
    "buybackYield": 4.931,
    "earningsYield": 2.675,
    "fcfYield": 3.838,
    "priceTarget": 273.93
  },
  "ABNB": {
    "industry": "\u65c5\u904a",
    "marketcap": 78360043403.0,
    "enterpriseValue": 69286043403.0,
    "earningsdate": "Nov 6 2025",
    "exdivdate": null,
    "sharesOutClass": 429079558.0,
    "sharesout": 612235670.0,
    "sharesgrowthyoy": -3.058,
    "sharesgrowthqoq": -0.949,
    "float": 412932177.0,
    "pe": 30.376,
    "peForward": 29.166,
    "ps": 6.886,
    "psForward": 6.099,
    "pb": 10.082,
    "pegRatio": 2.289,
    "evEarnings": 26.39,
    "evSales": 5.98,
    "evEbitda": 26.11,
    "evEbit": 26.6,
    "evFcf": 16.08,
    "currentRatio": 1.232,
    "quickRatio": 0.613,
    "debtEquity": 0.29,
    "debtEbitda": 0.84,
    "debtFcf": 0.53,
    "interestCoverage": null,
    "assetturnover": 0.434,
    "inventoryturnover": null,
    "shortInterest": 21167430.0,
    "shortShares": 3.457,
    "shortFloat": 5.126,
    "revenue": 11580000000.0,
    "gp": 9638000000.0,
    "opinc": 2605000000.0,
    "pretax": 3309000000.0,
    "netinc": 2625000000.0,
    "ebitda": 2654000000.0,
    "ebit": 2605000000.0,
    "debt": 2282000000.0,
    "workingcapital": 4364000000.0,
    "ncfo": 4308000000.0,
    "capex": null,
    "fcf": 4308000000.0,
    "grossMargin": 83.23,
    "operatingMargin": 22.496,
    "pretaxMargin": 28.575,
    "profitMargin": 22.668,
    "ebitdaMargin": 22.919,
    "ebitMargin": 22.496,
    "fcfMargin": 37.202,
    "dividendYield": null,
    "dividendGrowthYears": null,
    "payoutRatio": null,
    "buybackYield": 3.058,
    "earningsYield": 3.35,
    "fcfYield": 5.498,
    "priceTarget": 144.72
  },
  "EXPE": {
    "industry": "\u8edf\u9ad4",
    "marketcap": 27075155340.0,
    "enterpriseValue": 26901155340.0,
    "earningsdate": "Nov 6 2025",
    "exdivdate": "Aug 28 2025",
    "sharesOutClass": 118192131.0,
    "sharesout": 123715583.0,
    "sharesgrowthyoy": -5.647,
    "sharesgrowthqoq": 3.24,
    "float": 116622082.0,
    "pe": 26.558,
    "peForward": 14.591,
    "ps": 2.004,
    "psForward": 1.796,
    "pb": 32.59,
    "pegRatio": 0.897,
    "evEarnings": 24.17,
    "evSales": 1.92,
    "evEbitda": 14.18,
    "evEbit": 15.8,
    "evFcf": 13.47,
    "currentRatio": 0.751,
    "quickRatio": 0.594,
    "debtEquity": 3.11,
    "debtEbitda": 3.29,
    "debtFcf": 3.25,
    "interestCoverage": 7.126,
    "assetturnover": 0.53,
    "inventoryturnover": 2.891,
    "shortInterest": 6236664.0,
    "shortShares": 5.041,
    "shortFloat": 5.348,
    "revenue": 14018000000.0,
    "gp": 12561000000.0,
    "opinc": 1703000000.0,
    "pretax": 1415000000.0,
    "netinc": 1113000000.0,
    "ebitda": 1897000000.0,
    "ebit": 1703000000.0,
    "debt": 6497000000.0,
    "workingcapital": -4881000000.0,
    "ncfo": 2778000000.0,
    "capex": -781000000.0,
    "fcf": 1997000000.0,
    "grossMargin": 89.606,
    "operatingMargin": 12.149,
    "pretaxMargin": 10.094,
    "profitMargin": 7.94,
    "ebitdaMargin": 13.533,
    "ebitMargin": 12.149,
    "fcfMargin": 14.246,
    "dividendYield": 0.731,
    "dividendGrowthYears": null,
    "payoutRatio": 14.562,
    "buybackYield": 5.647,
    "earningsYield": 4.111,
    "fcfYield": 7.376,
    "priceTarget": 212.21
  },
  "MGM": {
    "industry": "\u65c5\u904a",
    "marketcap": 8930588088.0,
    "enterpriseValue": 38357627088.0,
    "earningsdate": "Oct 29 2025",
    "exdivdate": null,
    "sharesOutClass": 272191042.0,
    "sharesout": 272191042.0,
    "sharesgrowthyoy": -12.181,
    "sharesgrowthqoq": -4.663,
    "float": 204056844.0,
    "pe": 17.834,
    "peForward": 14.231,
    "ps": 0.552,
    "psForward": 0.508,
    "pb": 3.003,
    "pegRatio": 1.331,
    "evEarnings": 71.51,
    "evSales": 2.23,
    "evEbitda": 15.99,
    "evEbit": 25.96,
    "evFcf": 29.62,
    "currentRatio": 1.218,
    "quickRatio": 1.085,
    "debtEquity": 8.44,
    "debtEbitda": 6.73,
    "debtFcf": 24.39,
    "interestCoverage": 3.41,
    "assetturnover": 0.412,
    "inventoryturnover": 69.017,
    "shortInterest": 24752066.0,
    "shortShares": 9.094,
    "shortFloat": 12.13,
    "revenue": 17211652000.0,
    "gp": 7736789000.0,
    "opinc": 1477703000.0,
    "pretax": 902958000.0,
    "netinc": 536368000.0,
    "ebitda": 2398681000.0,
    "ebit": 1477703000.0,
    "debt": 31591445000.0,
    "workingcapital": 691382000.0,
    "ncfo": 2531935000.0,
    "capex": -1236750000.0,
    "fcf": 1295185000.0,
    "grossMargin": 44.951,
    "operatingMargin": 8.585,
    "pretaxMargin": 5.246,
    "profitMargin": 3.135,
    "ebitdaMargin": 13.936,
    "ebitMargin": 8.585,
    "fcfMargin": 7.525,
    "dividendYield": null,
    "dividendGrowthYears": null,
    "payoutRatio": null,
    "buybackYield": 12.181,
    "earningsYield": 6.006,
    "fcfYield": 14.503,
    "priceTarget": 47.62
  },
  "BKNG": {
    "industry": "\u65c5\u904a",
    "marketcap": 166786453792.0,
    "enterpriseValue": 168015453792.0,
    "earningsdate": "Oct 28 2025",
    "exdivdate": "Sep 5 2025",
    "sharesOutClass": 32409885.0,
    "sharesout": 32409885.0,
    "sharesgrowthyoy": -5.106,
    "sharesgrowthqoq": -1.432,
    "float": 32310473.0,
    "pe": 35.544,
    "peForward": 21.512,
    "ps": 6.775,
    "psForward": 5.951,
    "pb": null,
    "pegRatio": 1.25,
    "evEarnings": 34.91,
    "evSales": 6.71,
    "evEbitda": 18.78,
    "evEbit": 20.18,
    "evFcf": 18.18,
    "currentRatio": 1.248,
    "quickRatio": 1.179,
    "debtEquity": null,
    "debtEbitda": 2.09,
    "debtFcf": 2.08,
    "interestCoverage": 4.43,
    "assetturnover": 0.845,
    "inventoryturnover": null,
    "shortInterest": 698634.0,
    "shortShares": 2.156,
    "shortFloat": 2.162,
    "revenue": 25025000000.0,
    "gp": 21715000000.0,
    "opinc": 8324000000.0,
    "pretax": 5933000000.0,
    "netinc": 4813000000.0,
    "ebitda": 8948000000.0,
    "ebit": 8324000000.0,
    "debt": 19239000000.0,
    "workingcapital": 4627000000.0,
    "ncfo": 9578000000.0,
    "capex": -338000000.0,
    "fcf": 9240000000.0,
    "grossMargin": 86.773,
    "operatingMargin": 33.263,
    "pretaxMargin": 23.708,
    "profitMargin": 19.233,
    "ebitdaMargin": 35.756,
    "ebitMargin": 33.263,
    "fcfMargin": 36.923,
    "dividendYield": 0.746,
    "dividendGrowthYears": 1.0,
    "payoutRatio": 25.935,
    "buybackYield": 5.106,
    "earningsYield": 2.886,
    "fcfYield": 5.54,
    "priceTarget": 5984.66
  },
  "MAR": {
    "industry": "\u65c5\u904a",
    "marketcap": 73651940877.0,
    "enterpriseValue": 89516940877.0,
    "earningsdate": "Nov 4 2025",
    "exdivdate": "Aug 21 2025",
    "sharesOutClass": 271457839.0,
    "sharesout": 271457839.0,
    "sharesgrowthyoy": -5.009,
    "sharesgrowthqoq": -1.08,
    "float": 237339125.0,
    "pe": 30.644,
    "peForward": 25.715,
    "ps": 11.116,
    "psForward": 2.721,
    "pb": null,
    "pegRatio": 2.657,
    "evEarnings": 36.29,
    "evSales": 13.2,
    "evEbitda": 20.36,
    "evEbit": 22.49,
    "evFcf": 54.06,
    "currentRatio": 0.492,
    "quickRatio": 0.446,
    "debtEquity": null,
    "debtEbitda": 3.55,
    "debtFcf": 9.99,
    "interestCoverage": 5.28,
    "assetturnover": 0.256,
    "inventoryturnover": null,
    "shortInterest": 8074364.0,
    "shortShares": 2.974,
    "shortFloat": 3.402,
    "revenue": 6783000000.0,
    "gp": 5541000000.0,
    "opinc": 3981000000.0,
    "pretax": 3202000000.0,
    "netinc": 2467000000.0,
    "ebitda": 4396000000.0,
    "ebit": 3981000000.0,
    "debt": 16536000000.0,
    "workingcapital": -4165000000.0,
    "ncfo": 2488000000.0,
    "capex": -832000000.0,
    "fcf": 1656000000.0,
    "grossMargin": 81.69,
    "operatingMargin": 58.691,
    "pretaxMargin": 47.206,
    "profitMargin": 36.37,
    "ebitdaMargin": 64.809,
    "ebitMargin": 58.691,
    "fcfMargin": 24.414,
    "dividendYield": 0.988,
    "dividendGrowthYears": 3.0,
    "payoutRatio": 29.366,
    "buybackYield": 5.009,
    "earningsYield": 3.35,
    "fcfYield": 2.248,
    "priceTarget": 282.72
  },
  "H": {
    "industry": "\u65c5\u904a",
    "marketcap": 14214850312.0,
    "enterpriseValue": 19627850312.0,
    "earningsdate": "Nov 6 2025",
    "exdivdate": "Aug 27 2025",
    "sharesOutClass": 42337031.0,
    "sharesout": 95484989.0,
    "sharesgrowthyoy": -6.482,
    "sharesgrowthqoq": -2.529,
    "float": 40571247.0,
    "pe": 34.168,
    "peForward": 48.303,
    "ps": 4.474,
    "psForward": 1.892,
    "pb": 3.991,
    "pegRatio": 1.833,
    "evEarnings": 45.43,
    "evSales": 6.1,
    "evEbitda": 24.75,
    "evEbit": 41.41,
    "evFcf": 148.7,
    "currentRatio": 0.704,
    "quickRatio": 0.571,
    "debtEquity": 1.63,
    "debtEbitda": 7.62,
    "debtFcf": 47.92,
    "interestCoverage": 1.959,
    "assetturnover": 0.225,
    "inventoryturnover": 200.556,
    "shortInterest": 6919639.0,
    "shortShares": 7.247,
    "shortFloat": 17.056,
    "revenue": 3218000000.0,
    "gp": 1413000000.0,
    "opinc": 474000000.0,
    "pretax": 650000000.0,
    "netinc": 432000000.0,
    "ebitda": 793000000.0,
    "ebit": 474000000.0,
    "debt": 6325000000.0,
    "workingcapital": -975000000.0,
    "ncfo": 300000000.0,
    "capex": -168000000.0,
    "fcf": 132000000.0,
    "grossMargin": 43.909,
    "operatingMargin": 14.73,
    "pretaxMargin": 20.199,
    "profitMargin": 13.424,
    "ebitdaMargin": 24.643,
    "ebitMargin": 14.73,
    "fcfMargin": 4.102,
    "dividendYield": 0.403,
    "dividendGrowthYears": 2.0,
    "payoutRatio": 13.771,
    "buybackYield": 6.482,
    "earningsYield": 3.039,
    "fcfYield": 0.929,
    "priceTarget": 154.76
  },
  "LVS": {
    "industry": "\u65c5\u904a",
    "marketcap": 38944126195.0,
    "enterpriseValue": 51314126195.0,
    "earningsdate": "Oct 22 2025",
    "exdivdate": "Nov 4 2025",
    "sharesOutClass": 676113302.0,
    "sharesout": 676113302.0,
    "sharesgrowthyoy": -5.63,
    "sharesgrowthqoq": -1.58,
    "float": 321255031.0,
    "pe": 26.001,
    "peForward": 19.908,
    "ps": 3.297,
    "psForward": 3.07,
    "pb": 19.874,
    "pegRatio": 1.174,
    "evEarnings": 32.98,
    "evSales": 4.18,
    "evEbitda": 12.06,
    "evEbit": 18.37,
    "evFcf": null,
    "currentRatio": null,
    "quickRatio": null,
    "debtEquity": 6.93,
    "debtEbitda": 3.72,
    "debtFcf": null,
    "interestCoverage": 3.8,
    "assetturnover": null,
    "inventoryturnover": null,
    "shortInterest": 10115545.0,
    "shortShares": 1.496,
    "shortFloat": 3.149,
    "revenue": 12264000000.0,
    "gp": 9520000000.0,
    "opinc": 2793000000.0,
    "pretax": 2123000000.0,
    "netinc": 1556000000.0,
    "ebitda": 4256000000.0,
    "ebit": 2793000000.0,
    "debt": 15820000000.0,
    "workingcapital": null,
    "ncfo": null,
    "capex": null,
    "fcf": null,
    "grossMargin": 77.626,
    "operatingMargin": 22.774,
    "pretaxMargin": 17.311,
    "profitMargin": 12.688,
    "ebitdaMargin": 34.703,
    "ebitMargin": 22.774,
    "fcfMargin": null,
    "dividendYield": 1.736,
    "dividendGrowthYears": 1.0,
    "payoutRatio": 45.141,
    "buybackYield": 5.63,
    "earningsYield": 3.995,
    "fcfYield": null,
    "priceTarget": 64.0
  },
  "WYNN": {
    "industry": "\u65c5\u904a",
    "marketcap": 12928380809.0,
    "enterpriseValue": 23113179809.0,
    "earningsdate": "Nov 6 2025",
    "exdivdate": "Aug 18 2025",
    "sharesOutClass": 102957560.0,
    "sharesout": 102957560.0,
    "sharesgrowthyoy": -4.347,
    "sharesgrowthqoq": -1.844,
    "float": 79426399.0,
    "pe": 36.965,
    "peForward": 24.054,
    "ps": 1.923,
    "psForward": 1.765,
    "pb": null,
    "pegRatio": 8.29,
    "evEarnings": 60.21,
    "evSales": 3.32,
    "evEbitda": 13.56,
    "evEbit": 20.97,
    "evFcf": 31.09,
    "currentRatio": 1.034,
    "quickRatio": 0.954,
    "debtEquity": null,
    "debtEbitda": 6.88,
    "debtFcf": 16.37,
    "interestCoverage": 1.713,
    "assetturnover": 0.537,
    "inventoryturnover": 28.909,
    "shortInterest": 5118397.0,
    "shortShares": 4.971,
    "shortFloat": 6.444,
    "revenue": 6970314000.0,
    "gp": 4762105000.0,
    "opinc": 1102421000.0,
    "pretax": 472654000.0,
    "netinc": 383884000.0,
    "ebitda": 1704602000.0,
    "ebit": 1102421000.0,
    "debt": 12169551000.0,
    "workingcapital": 81441000.0,
    "ncfo": 1297185000.0,
    "capex": -553789000.0,
    "fcf": 743396000.0,
    "grossMargin": 68.32,
    "operatingMargin": 15.816,
    "pretaxMargin": 6.781,
    "profitMargin": 5.507,
    "ebitdaMargin": 24.455,
    "ebitMargin": 15.816,
    "fcfMargin": 10.665,
    "dividendYield": 0.796,
    "dividendGrowthYears": 1.0,
    "payoutRatio": 29.438,
    "buybackYield": 4.347,
    "earningsYield": 2.969,
    "fcfYield": 5.75,
    "priceTarget": 131.23
  },
  "WM": {
    "industry": "\u5de5\u696d",
    "marketcap": 86471555418.0,
    "enterpriseValue": 110051555418.0,
    "earningsdate": "Oct 27 2025",
    "exdivdate": "Sep 12 2025",
    "sharesOutClass": 402830315.0,
    "sharesout": 402830315.0,
    "sharesgrowthyoy": -0.062,
    "sharesgrowthqoq": 0.099,
    "float": 401602126.0,
    "pe": 31.849,
    "peForward": 27.134,
    "ps": 3.603,
    "psForward": 3.196,
    "pb": 9.393,
    "pegRatio": 2.44,
    "evEarnings": 40.45,
    "evSales": 4.6,
    "evEbitda": 15.68,
    "evEbit": 24.77,
    "evFcf": 50.88,
    "currentRatio": 0.857,
    "quickRatio": 0.752,
    "debtEquity": 2.61,
    "debtEbitda": 3.3,
    "debtFcf": 11.1,
    "interestCoverage": 5.582,
    "assetturnover": 0.601,
    "inventoryturnover": 70.948,
    "shortInterest": 4397582.0,
    "shortShares": 1.092,
    "shortFloat": 1.095,
    "revenue": 23950000000.0,
    "gp": 9512000000.0,
    "opinc": 4443000000.0,
    "pretax": 3411000000.0,
    "netinc": 2721000000.0,
    "ebitda": 7017000000.0,
    "ebit": 4443000000.0,
    "debt": 24020000000.0,
    "workingcapital": -832000000.0,
    "ncfo": 5622000000.0,
    "capex": -3459000000.0,
    "fcf": 2163000000.0,
    "grossMargin": 39.716,
    "operatingMargin": 18.551,
    "pretaxMargin": 14.242,
    "profitMargin": 11.361,
    "ebitdaMargin": 29.299,
    "ebitMargin": 18.551,
    "fcfMargin": 9.031,
    "dividendYield": 1.537,
    "dividendGrowthYears": 21.0,
    "payoutRatio": 47.849,
    "buybackYield": 0.062,
    "earningsYield": 3.147,
    "fcfYield": 2.501,
    "priceTarget": 252.05
  },
  "DE": {
    "industry": "\u5de5\u696d",
    "marketcap": 127800923362.0,
    "enterpriseValue": 187970923362.0,
    "earningsdate": "Nov 20 2025",
    "exdivdate": "Sep 30 2025",
    "sharesOutClass": 270329392.0,
    "sharesout": 270329392.0,
    "sharesgrowthyoy": -2.836,
    "sharesgrowthqoq": -0.147,
    "float": 269794220.0,
    "pe": 24.727,
    "peForward": 25.277,
    "ps": 2.901,
    "psForward": 3.138,
    "pb": 5.077,
    "pegRatio": null,
    "evEarnings": 36.1,
    "evSales": 4.25,
    "evEbitda": 22.23,
    "evEbit": 29.16,
    "evFcf": 45.84,
    "currentRatio": 2.229,
    "quickRatio": 2.003,
    "debtEquity": 2.67,
    "debtEbitda": 7.76,
    "debtFcf": 16.43,
    "interestCoverage": 26.418,
    "assetturnover": 0.41,
    "inventoryturnover": 3.475,
    "shortInterest": 4290459.0,
    "shortShares": 1.587,
    "shortFloat": 1.59,
    "revenue": 44250000000.0,
    "gp": 12134000000.0,
    "opinc": 6446000000.0,
    "pretax": 6334000000.0,
    "netinc": 5207000000.0,
    "ebitda": 8454000000.0,
    "ebit": 6446000000.0,
    "debt": 67396000000.0,
    "workingcapital": 43630000000.0,
    "ncfo": 8556000000.0,
    "capex": -4455000000.0,
    "fcf": 4101000000.0,
    "grossMargin": 27.421,
    "operatingMargin": 14.567,
    "pretaxMargin": 14.314,
    "profitMargin": 11.767,
    "ebitdaMargin": 19.105,
    "ebitMargin": 14.567,
    "fcfMargin": 9.268,
    "dividendYield": 1.371,
    "dividendGrowthYears": 4.0,
    "payoutRatio": 33.893,
    "buybackYield": 2.836,
    "earningsYield": 4.074,
    "fcfYield": 3.209,
    "priceTarget": 525.88
  },
  "ETN": {
    "industry": "\u5de5\u696d",
    "marketcap": 146489697000.0,
    "enterpriseValue": 157539697000.0,
    "earningsdate": "Nov 4 2025",
    "exdivdate": "Nov 6 2025",
    "sharesOutClass": 389300000.0,
    "sharesout": 389300000.0,
    "sharesgrowthyoy": -1.656,
    "sharesgrowthqoq": -0.559,
    "float": 388114444.0,
    "pe": 37.846,
    "peForward": 29.05,
    "ps": 5.696,
    "psForward": 4.995,
    "pb": 7.873,
    "pegRatio": 2.088,
    "evEarnings": 40.14,
    "evSales": 6.06,
    "evEbitda": 26.8,
    "evEbit": 32.04,
    "evFcf": 48.1,
    "currentRatio": 1.24,
    "quickRatio": 0.686,
    "debtEquity": 0.62,
    "debtEbitda": 1.89,
    "debtFcf": 3.55,
    "interestCoverage": 26.294,
    "assetturnover": 0.651,
    "inventoryturnover": 3.762,
    "shortInterest": 6243059.0,
    "shortShares": 1.604,
    "shortFloat": 1.609,
    "revenue": 25989000000.0,
    "gp": 9918000000.0,
    "opinc": 4917000000.0,
    "pretax": 4733000000.0,
    "netinc": 3925000000.0,
    "ebitda": 5879000000.0,
    "ebit": 4917000000.0,
    "debt": 11634000000.0,
    "workingcapital": 2303000000.0,
    "ncfo": 4062000000.0,
    "capex": -787000000.0,
    "fcf": 3275000000.0,
    "grossMargin": 38.162,
    "operatingMargin": 18.92,
    "pretaxMargin": 18.212,
    "profitMargin": 15.103,
    "ebitdaMargin": 22.621,
    "ebitMargin": 18.92,
    "fcfMargin": 12.601,
    "dividendYield": 1.106,
    "dividendGrowthYears": 15.0,
    "payoutRatio": 41.84,
    "buybackYield": 1.656,
    "earningsYield": 2.679,
    "fcfYield": 2.236,
    "priceTarget": 396.24
  },
  "HD": {
    "industry": "\u5de5\u696d",
    "marketcap": 384896108662.0,
    "enterpriseValue": 444012108662.0,
    "earningsdate": "Nov 18 2025",
    "exdivdate": "Sep 4 2025",
    "sharesOutClass": 995386647.0,
    "sharesout": 995386647.0,
    "sharesgrowthyoy": null,
    "sharesgrowthqoq": null,
    "float": 993743152.0,
    "pe": 26.284,
    "peForward": 24.634,
    "ps": 2.323,
    "psForward": 2.232,
    "pb": 36.076,
    "pegRatio": 4.892,
    "evEarnings": 30.35,
    "evSales": 2.69,
    "evEbitda": 17.34,
    "evEbit": 20.56,
    "evFcf": 31.2,
    "currentRatio": 1.147,
    "quickRatio": 0.281,
    "debtEquity": 5.81,
    "debtEbitda": 2.21,
    "debtFcf": 4.35,
    "interestCoverage": 8.806,
    "assetturnover": 1.677,
    "inventoryturnover": 4.593,
    "shortInterest": 10511200.0,
    "shortShares": 1.056,
    "shortFloat": 1.058,
    "revenue": 165054000000.0,
    "gp": 55043000000.0,
    "opinc": 21601000000.0,
    "pretax": 19257000000.0,
    "netinc": 14629000000.0,
    "ebitda": 25603000000.0,
    "ebit": 21601000000.0,
    "debt": 61920000000.0,
    "workingcapital": 4545000000.0,
    "ncfo": 17872000000.0,
    "capex": -3642000000.0,
    "fcf": 14230000000.0,
    "grossMargin": 33.348,
    "operatingMargin": 13.087,
    "pretaxMargin": 11.667,
    "profitMargin": 8.863,
    "ebitdaMargin": 15.512,
    "ebitMargin": 13.087,
    "fcfMargin": 8.621,
    "dividendYield": 2.379,
    "dividendGrowthYears": 15.0,
    "payoutRatio": 62.196,
    "buybackYield": -0.05,
    "earningsYield": 3.801,
    "fcfYield": 3.697,
    "priceTarget": 441.71
  },
  "APD": {
    "industry": "\u5de5\u696d",
    "marketcap": 56731148372.0,
    "enterpriseValue": 72770448372.0,
    "earningsdate": "Nov 6 2025",
    "exdivdate": "Oct 1 2025",
    "sharesOutClass": 222553640.0,
    "sharesout": 222553640.0,
    "sharesgrowthyoy": -0.022,
    "sharesgrowthqoq": 0.045,
    "float": 220514787.0,
    "pe": 36.141,
    "peForward": 19.934,
    "ps": 4.707,
    "psForward": 4.502,
    "pb": 3.651,
    "pegRatio": 2.786,
    "evEarnings": 46.93,
    "evSales": 6.04,
    "evEbitda": 16.66,
    "evEbit": 25.65,
    "evFcf": null,
    "currentRatio": 1.292,
    "quickRatio": 1.025,
    "debtEquity": 1.03,
    "debtEbitda": 4.08,
    "debtFcf": null,
    "interestCoverage": 14.401,
    "assetturnover": 0.307,
    "inventoryturnover": 10.577,
    "shortInterest": 6214185.0,
    "shortShares": 2.792,
    "shortFloat": 2.818,
    "revenue": 12057900000.0,
    "gp": 3843000000.0,
    "opinc": 2837000000.0,
    "pretax": 1941300000.0,
    "netinc": 1550500000.0,
    "ebitda": 4369200000.0,
    "ebit": 2837000000.0,
    "debt": 18370400000.0,
    "workingcapital": 1388000000.0,
    "ncfo": 2952600000.0,
    "capex": -7580100000.0,
    "fcf": -4627500000.0,
    "grossMargin": 31.871,
    "operatingMargin": 23.528,
    "pretaxMargin": 16.1,
    "profitMargin": 12.859,
    "ebitdaMargin": 36.235,
    "ebitMargin": 23.528,
    "fcfMargin": null,
    "dividendYield": 2.809,
    "dividendGrowthYears": 50.0,
    "payoutRatio": 102.662,
    "buybackYield": 0.022,
    "earningsYield": 2.733,
    "fcfYield": -8.157,
    "priceTarget": 325.45
  },
  "MMM": {
    "industry": "\u5de5\u696d",
    "marketcap": 89511420588.0,
    "enterpriseValue": 97502420588.0,
    "earningsdate": "Oct 21 2025",
    "exdivdate": "Aug 25 2025",
    "sharesOutClass": 531225048.0,
    "sharesout": 531225048.0,
    "sharesgrowthyoy": -2.056,
    "sharesgrowthqoq": -0.462,
    "float": 530293559.0,
    "pe": 26.913,
    "peForward": 20.031,
    "ps": 3.664,
    "psForward": 3.588,
    "pb": 19.341,
    "pegRatio": 2.476,
    "evEarnings": 28.67,
    "evSales": 3.93,
    "evEbitda": 15.83,
    "evEbit": 19.48,
    "evFcf": 61.4,
    "currentRatio": 1.842,
    "quickRatio": 1.027,
    "debtEquity": 2.82,
    "debtEbitda": 2.04,
    "debtFcf": 8.3,
    "interestCoverage": 5.128,
    "assetturnover": 0.633,
    "inventoryturnover": 3.694,
    "shortInterest": 6619440.0,
    "shortShares": 1.246,
    "shortFloat": 1.248,
    "revenue": 24825000000.0,
    "gp": 10173000000.0,
    "opinc": 5005000000.0,
    "pretax": 4267000000.0,
    "netinc": 3401000000.0,
    "ebitda": 6161000000.0,
    "ebit": 5005000000.0,
    "debt": 13179000000.0,
    "workingcapital": 7356000000.0,
    "ncfo": 2541000000.0,
    "capex": -953000000.0,
    "fcf": 1588000000.0,
    "grossMargin": 40.979,
    "operatingMargin": 20.161,
    "pretaxMargin": 17.188,
    "profitMargin": 13.7,
    "ebitdaMargin": 24.818,
    "ebitMargin": 20.161,
    "fcfMargin": 6.397,
    "dividendYield": 1.733,
    "dividendGrowthYears": null,
    "payoutRatio": 46.638,
    "buybackYield": 2.056,
    "earningsYield": 3.8,
    "fcfYield": 1.774,
    "priceTarget": 164.9
  },
  "NEE": {
    "industry": "\u5de5\u696d",
    "marketcap": 173824887353.0,
    "enterpriseValue": 265285887353.0,
    "earningsdate": "Oct 28 2025",
    "exdivdate": "Nov 21 2025",
    "sharesOutClass": 2059292588.0,
    "sharesout": 2059292588.0,
    "sharesgrowthyoy": 0.502,
    "sharesgrowthqoq": 0.029,
    "float": 2054929187.0,
    "pe": 29.406,
    "peForward": 23.27,
    "ps": 6.697,
    "psForward": 5.654,
    "pb": 3.422,
    "pegRatio": 3.057,
    "evEarnings": 44.83,
    "evSales": 10.24,
    "evEbitda": 18.12,
    "evEbit": 31.93,
    "evFcf": null,
    "currentRatio": 0.542,
    "quickRatio": 0.333,
    "debtEquity": 1.53,
    "debtEbitda": 6.36,
    "debtFcf": null,
    "interestCoverage": 2.116,
    "assetturnover": 0.135,
    "inventoryturnover": 4.515,
    "shortInterest": 32506275.0,
    "shortShares": 1.579,
    "shortFloat": 1.582,
    "revenue": 25899000000.0,
    "gp": 16051000000.0,
    "opinc": 8308000000.0,
    "pretax": 3968000000.0,
    "netinc": 5918000000.0,
    "ebitda": 14643000000.0,
    "ebit": 8308000000.0,
    "debt": 93189000000.0,
    "workingcapital": -10554000000.0,
    "ncfo": 12208000000.0,
    "capex": -23721000000.0,
    "fcf": -11513000000.0,
    "grossMargin": 61.975,
    "operatingMargin": 32.078,
    "pretaxMargin": 15.321,
    "profitMargin": 22.85,
    "ebitdaMargin": 56.539,
    "ebitMargin": 32.078,
    "fcfMargin": null,
    "dividendYield": 2.685,
    "dividendGrowthYears": 29.0,
    "payoutRatio": 77.147,
    "buybackYield": -0.502,
    "earningsYield": 3.405,
    "fcfYield": -6.623,
    "priceTarget": 89.73
  },
  "ENPH": {
    "industry": "\u5de5\u696d",
    "marketcap": 4737100433.0,
    "enterpriseValue": 4441654433.0,
    "earningsdate": "Oct 28 2025",
    "exdivdate": null,
    "sharesOutClass": 130750771.0,
    "sharesout": 130750771.0,
    "sharesgrowthyoy": 1.163,
    "sharesgrowthqoq": -0.726,
    "float": 126460830.0,
    "pe": 28.398,
    "peForward": 14.419,
    "ps": 3.25,
    "psForward": 3.239,
    "pb": 5.379,
    "pegRatio": 7.518,
    "evEarnings": 25.42,
    "evSales": 3.0,
    "evEbitda": 16.84,
    "evEbit": 23.37,
    "evFcf": 11.91,
    "currentRatio": 1.969,
    "quickRatio": 1.545,
    "debtEquity": 1.4,
    "debtEbitda": 4.47,
    "debtFcf": 3.31,
    "interestCoverage": 25.858,
    "assetturnover": 0.467,
    "inventoryturnover": 5.712,
    "shortInterest": 27896275.0,
    "shortShares": 21.335,
    "shortFloat": 22.059,
    "revenue": 1482823000.0,
    "gp": 485898000.0,
    "opinc": 190081000.0,
    "pretax": 209540000.0,
    "netinc": 174704000.0,
    "ebitda": 263782000.0,
    "ebit": 190081000.0,
    "debt": 1234738000.0,
    "workingcapital": 1126352000.0,
    "ncfo": 412473000.0,
    "capex": -39464000.0,
    "fcf": 373009000.0,
    "grossMargin": 32.768,
    "operatingMargin": 12.819,
    "pretaxMargin": 14.131,
    "profitMargin": 11.782,
    "ebitdaMargin": 17.789,
    "ebitMargin": 12.819,
    "fcfMargin": 25.155,
    "dividendYield": null,
    "dividendGrowthYears": null,
    "payoutRatio": null,
    "buybackYield": -1.163,
    "earningsYield": 3.688,
    "fcfYield": 7.874,
    "priceTarget": 51.45
  },
  "GE": {
    "industry": "\u5de5\u696d",
    "marketcap": 320526303136.0,
    "enterpriseValue": 329338303136.0,
    "earningsdate": "Oct 21 2025",
    "exdivdate": "Sep 29 2025",
    "sharesOutClass": 1054813911.0,
    "sharesout": 1054813911.0,
    "sharesgrowthyoy": -2.298,
    "sharesgrowthqoq": -0.838,
    "float": 1050977078.0,
    "pe": 40.549,
    "peForward": 45.93,
    "ps": 7.382,
    "psForward": 7.08,
    "pb": 17.038,
    "pegRatio": 2.327,
    "evEarnings": 40.85,
    "evSales": 7.49,
    "evEbitda": 29.24,
    "evEbit": 32.76,
    "evFcf": 51.11,
    "currentRatio": 1.077,
    "quickRatio": 0.717,
    "debtEquity": 1.15,
    "debtEbitda": 1.88,
    "debtFcf": 3.4,
    "interestCoverage": 12.305,
    "assetturnover": 0.345,
    "inventoryturnover": 2.559,
    "shortInterest": 12894240.0,
    "shortShares": 1.222,
    "shortFloat": 1.227,
    "revenue": 43950000000.0,
    "gp": 14266000000.0,
    "opinc": 10053000000.0,
    "pretax": 9441000000.0,
    "netinc": 8062000000.0,
    "ebitda": 11264000000.0,
    "ebit": 10053000000.0,
    "debt": 21921000000.0,
    "workingcapital": 2871000000.0,
    "ncfo": 7553000000.0,
    "capex": -1109000000.0,
    "fcf": 6444000000.0,
    "grossMargin": 32.46,
    "operatingMargin": 22.874,
    "pretaxMargin": 21.481,
    "profitMargin": 18.344,
    "ebitdaMargin": 25.629,
    "ebitMargin": 22.874,
    "fcfMargin": 14.662,
    "dividendYield": 0.474,
    "dividendGrowthYears": 1.0,
    "payoutRatio": 18.13,
    "buybackYield": 2.298,
    "earningsYield": 2.515,
    "fcfYield": 2.01,
    "priceTarget": 270.56
  },
  "SUM": {
    "industry": "\u5de5\u696d",
    "marketcap": 2807100.0,
    "enterpriseValue": 1893104.0,
    "earningsdate": "Oct 2 2025",
    "exdivdate": null,
    "sharesOutClass": 107904935.0,
    "sharesout": 107904935.0,
    "sharesgrowthyoy": 55.697,
    "sharesgrowthqoq": 6.656,
    "float": 64199329.0,
    "pe": null,
    "peForward": null,
    "ps": 43.851,
    "psForward": 2.127,
    "pb": 0.368,
    "pegRatio": null,
    "evEarnings": -0.59,
    "evSales": 29.81,
    "evEbitda": null,
    "evEbit": null,
    "evFcf": -0.94,
    "currentRatio": 10.89,
    "quickRatio": 10.785,
    "debtEquity": null,
    "debtEbitda": null,
    "debtFcf": null,
    "interestCoverage": null,
    "assetturnover": 0.008,
    "inventoryturnover": null,
    "shortInterest": 7001179.0,
    "shortShares": 3.982,
    "shortFloat": 5.83,
    "revenue": 64014.0,
    "gp": 64014.0,
    "opinc": -3221320.0,
    "pretax": -3214744.0,
    "netinc": -3214744.0,
    "ebitda": -3051984.0,
    "ebit": -3221320.0,
    "debt": null,
    "workingcapital": 862839.0,
    "ncfo": -974270.0,
    "capex": -1037474.0,
    "fcf": -2011744.0,
    "grossMargin": 100.0,
    "operatingMargin": -5032.212,
    "pretaxMargin": -5021.939,
    "profitMargin": null,
    "ebitdaMargin": null,
    "ebitMargin": null,
    "fcfMargin": null,
    "dividendYield": null,
    "dividendGrowthYears": null,
    "payoutRatio": null,
    "buybackYield": -55.697,
    "earningsYield": -114.522,
    "fcfYield": -71.666,
    "priceTarget": 50.62
  },
  "X": {
    "industry": "\u5de5\u696d",
    "marketcap": null,
    "enterpriseValue": null,
    "earningsdate": null,
    "exdivdate": null,
    "sharesOutClass": null,
    "sharesout": null,
    "sharesgrowthyoy": null,
    "sharesgrowthqoq": null,
    "float": null,
    "pe": null,
    "peForward": null,
    "ps": null,
    "psForward": null,
    "pb": null,
    "pegRatio": null,
    "evEarnings": null,
    "evSales": null,
    "evEbitda": null,
    "evEbit": null,
    "evFcf": null,
    "currentRatio": null,
    "quickRatio": null,
    "debtEquity": null,
    "debtEbitda": null,
    "debtFcf": null,
    "interestCoverage": null,
    "assetturnover": null,
    "inventoryturnover": null,
    "shortInterest": null,
    "shortShares": null,
    "shortFloat": null,
    "revenue": null,
    "gp": null,
    "opinc": null,
    "pretax": null,
    "netinc": null,
    "ebitda": null,
    "ebit": null,
    "debt": null,
    "workingcapital": null,
    "ncfo": null,
    "capex": null,
    "fcf": null,
    "grossMargin": null,
    "operatingMargin": null,
    "pretaxMargin": null,
    "profitMargin": null,
    "ebitdaMargin": null,
    "ebitMargin": null,
    "fcfMargin": null,
    "dividendYield": null,
    "dividendGrowthYears": null,
    "payoutRatio": null,
    "buybackYield": null,
    "earningsYield": null,
    "fcfYield": null,
    "priceTarget": null
  },
  "SEDG": {
    "industry": "\u5de5\u696d",
    "marketcap": 2357179282.0,
    "enterpriseValue": 2335580282.0,
    "earningsdate": "Nov 5 2025",
    "exdivdate": null,
    "sharesOutClass": 59374793.0,
    "sharesout": 59374793.0,
    "sharesgrowthyoy": 1.658,
    "sharesgrowthqoq": 0.767,
    "float": 55244344.0,
    "pe": null,
    "peForward": null,
    "ps": 2.44,
    "psForward": 1.679,
    "pb": 4.574,
    "pegRatio": null,
    "evEarnings": null,
    "evSales": 2.48,
    "evEbitda": null,
    "evEbit": null,
    "evFcf": null,
    "currentRatio": 1.939,
    "quickRatio": 1.303,
    "debtEquity": 1.48,
    "debtEbitda": null,
    "debtFcf": null,
    "interestCoverage": -79.185,
    "assetturnover": 0.292,
    "inventoryturnover": 1.67,
    "shortInterest": 13859111.0,
    "shortShares": 23.342,
    "shortFloat": 25.087,
    "revenue": 940561000.0,
    "gp": -758676000.0,
    "opinc": -1262444000.0,
    "pretax": -1597963000.0,
    "netinc": -1741495000.0,
    "ebitda": -1216782000.0,
    "ebit": -1262444000.0,
    "debt": 759558000.0,
    "workingcapital": 955183000.0,
    "ncfo": -25504000.0,
    "capex": -70993000.0,
    "fcf": -96497000.0,
    "grossMargin": -80.662,
    "operatingMargin": -134.222,
    "pretaxMargin": -169.895,
    "profitMargin": -185.155,
    "ebitdaMargin": -129.368,
    "ebitMargin": -134.222,
    "fcfMargin": null,
    "dividendYield": null,
    "dividendGrowthYears": null,
    "payoutRatio": null,
    "buybackYield": -1.658,
    "earningsYield": -73.88,
    "fcfYield": -4.094,
    "priceTarget": 21.71
  },
  "FSLR": {
    "industry": "\u5de5\u696d",
    "marketcap": 25890655428.0,
    "enterpriseValue": 25803887428.0,
    "earningsdate": "Oct 30 2025",
    "exdivdate": null,
    "sharesOutClass": 107247651.0,
    "sharesout": 107247651.0,
    "sharesgrowthyoy": 0.012,
    "sharesgrowthqoq": 0.096,
    "float": 101324756.0,
    "pe": 20.633,
    "peForward": 12.28,
    "ps": 5.953,
    "psForward": 4.136,
    "pb": 3.03,
    "pegRatio": 0.382,
    "evEarnings": 20.52,
    "evSales": 5.94,
    "evEbitda": 13.97,
    "evEbit": 18.95,
    "evFcf": null,
    "currentRatio": 1.901,
    "quickRatio": 1.212,
    "debtEquity": 0.12,
    "debtEbitda": 0.57,
    "debtFcf": null,
    "interestCoverage": 35.271,
    "assetturnover": 0.364,
    "inventoryturnover": 1.729,
    "shortInterest": 9709656.0,
    "shortShares": 9.053,
    "shortFloat": 9.583,
    "revenue": 4343437000.0,
    "gp": 1857225000.0,
    "opinc": 1361619000.0,
    "pretax": 1342914000.0,
    "netinc": 1257475000.0,
    "ebitda": 1847719000.0,
    "ebit": 1361619000.0,
    "debt": 1067070000.0,
    "workingcapital": 2570974000.0,
    "ncfo": 298857000.0,
    "capex": -1241558000.0,
    "fcf": -942701000.0,
    "grossMargin": 42.759,
    "operatingMargin": 31.349,
    "pretaxMargin": 30.918,
    "profitMargin": 28.951,
    "ebitdaMargin": 42.54,
    "ebitMargin": 31.349,
    "fcfMargin": null,
    "dividendYield": null,
    "dividendGrowthYears": null,
    "payoutRatio": null,
    "buybackYield": -0.012,
    "earningsYield": 4.857,
    "fcfYield": -3.641,
    "priceTarget": 242.66
  },
  "CAT": {
    "industry": "\u5de5\u696d",
    "marketcap": 244887987420.0,
    "enterpriseValue": 281207987420.0,
    "earningsdate": "Oct 29 2025",
    "exdivdate": "Oct 20 2025",
    "sharesOutClass": 468478923.0,
    "sharesout": 468478923.0,
    "sharesgrowthyoy": -4.325,
    "sharesgrowthqoq": -1.174,
    "float": 465917930.0,
    "pe": 26.589,
    "peForward": 27.975,
    "ps": 3.954,
    "psForward": 3.647,
    "pb": 13.123,
    "pegRatio": 3.278,
    "evEarnings": 29.8,
    "evSales": 4.45,
    "evEbitda": 20.08,
    "evEbit": 23.66,
    "evFcf": 36.33,
    "currentRatio": 1.338,
    "quickRatio": 0.731,
    "debtEquity": 2.18,
    "debtEbitda": 2.86,
    "debtFcf": 5.26,
    "interestCoverage": 25.074,
    "assetturnover": 0.727,
    "inventoryturnover": 2.251,
    "shortInterest": 7315366.0,
    "shortShares": 1.562,
    "shortFloat": 1.57,
    "revenue": 63139000000.0,
    "gp": 19592000000.0,
    "opinc": 11885000000.0,
    "pretax": 11760000000.0,
    "netinc": 9437000000.0,
    "ebitda": 14007000000.0,
    "ebit": 11885000000.0,
    "debt": 40748000000.0,
    "workingcapital": 11821000000.0,
    "ncfo": 11373000000.0,
    "capex": -3633000000.0,
    "fcf": 7740000000.0,
    "grossMargin": 31.03,
    "operatingMargin": 18.824,
    "pretaxMargin": 18.626,
    "profitMargin": 14.946,
    "ebitdaMargin": 22.184,
    "ebitMargin": 18.824,
    "fcfMargin": 12.259,
    "dividendYield": 1.155,
    "dividendGrowthYears": 32.0,
    "payoutRatio": 29.706,
    "buybackYield": 4.325,
    "earningsYield": 3.854,
    "fcfYield": 3.161,
    "priceTarget": 508.53
  },
  "HON": {
    "industry": "\u5de5\u696d",
    "marketcap": 137127685662.0,
    "enterpriseValue": 161983685662.0,
    "earningsdate": "Oct 23 2025",
    "exdivdate": "Nov 14 2025",
    "sharesOutClass": 634439186.0,
    "sharesout": 634439186.0,
    "sharesgrowthyoy": -1.507,
    "sharesgrowthqoq": -0.328,
    "float": 602759426.0,
    "pe": 22.817,
    "peForward": 20.862,
    "ps": 3.417,
    "psForward": 3.202,
    "pb": 8.177,
    "pegRatio": 3.034,
    "evEarnings": 26.43,
    "evSales": 3.98,
    "evEbitda": 16.57,
    "evEbit": 19.69,
    "evFcf": 26.28,
    "currentRatio": 1.358,
    "quickRatio": 0.985,
    "debtEquity": 2.15,
    "debtEbitda": 3.8,
    "debtFcf": 6.2,
    "interestCoverage": 6.523,
    "assetturnover": 0.527,
    "inventoryturnover": 3.812,
    "shortInterest": 8987077.0,
    "shortShares": 1.417,
    "shortFloat": 1.491,
    "revenue": 40670000000.0,
    "gp": 15025000000.0,
    "opinc": 8226000000.0,
    "pretax": 7521000000.0,
    "netinc": 6129000000.0,
    "ebitda": 9778000000.0,
    "ebit": 8226000000.0,
    "debt": 38215000000.0,
    "workingcapital": 8108000000.0,
    "ncfo": 7485000000.0,
    "capex": -1321000000.0,
    "fcf": 6164000000.0,
    "grossMargin": 36.944,
    "operatingMargin": 20.226,
    "pretaxMargin": 18.493,
    "profitMargin": 15.07,
    "ebitdaMargin": 24.042,
    "ebitMargin": 20.226,
    "fcfMargin": 15.156,
    "dividendYield": 2.091,
    "dividendGrowthYears": 14.0,
    "payoutRatio": 48.349,
    "buybackYield": 1.507,
    "earningsYield": 4.47,
    "fcfYield": 4.495,
    "priceTarget": 248.69
  },
  "OKLO": {
    "industry": "\u5de5\u696d",
    "marketcap": 20082230844.0,
    "enterpriseValue": 19549669844.0,
    "earningsdate": "Nov 13 2025",
    "exdivdate": null,
    "sharesOutClass": 147609194.0,
    "sharesout": 147609194.0,
    "sharesgrowthyoy": 63.36,
    "sharesgrowthqoq": 1.43,
    "float": 115768671.0,
    "pe": null,
    "peForward": null,
    "ps": null,
    "psForward": null,
    "pb": 28.834,
    "pegRatio": null,
    "evEarnings": null,
    "evSales": null,
    "evEbitda": null,
    "evEbit": null,
    "evFcf": null,
    "currentRatio": 71.272,
    "quickRatio": 70.561,
    "debtEquity": 0.0,
    "debtEbitda": null,
    "debtFcf": null,
    "interestCoverage": null,
    "assetturnover": null,
    "inventoryturnover": null,
    "shortInterest": 16359701.0,
    "shortShares": 11.083,
    "shortFloat": 14.131,
    "revenue": null,
    "gp": null,
    "opinc": -73549000.0,
    "pretax": -60260000.0,
    "netinc": -56799000.0,
    "ebitda": -73144000.0,
    "ebit": -73549000.0,
    "debt": 1864000.0,
    "workingcapital": 535048000.0,
    "ncfo": -52063000.0,
    "capex": -1389000.0,
    "fcf": -53452000.0,
    "grossMargin": null,
    "operatingMargin": null,
    "pretaxMargin": null,
    "profitMargin": null,
    "ebitdaMargin": null,
    "ebitMargin": null,
    "fcfMargin": null,
    "dividendYield": null,
    "dividendGrowthYears": null,
    "payoutRatio": null,
    "buybackYield": -63.36,
    "earningsYield": -0.283,
    "fcfYield": -0.266,
    "priceTarget": 91.4
  },
  "INOD": {
    "industry": "SaaS",
    "marketcap": 2440966926.0,
    "enterpriseValue": 2385397926.0,
    "earningsdate": "Nov 6 2025",
    "exdivdate": null,
    "sharesOutClass": 31845622.0,
    "sharesout": 31845622.0,
    "sharesgrowthyoy": 8.959,
    "sharesgrowthqoq": 1.001,
    "float": 30602724.0,
    "pe": 59.851,
    "peForward": 91.001,
    "ps": 10.267,
    "psForward": 8.672,
    "pb": 28.146,
    "pegRatio": null,
    "evEarnings": 55.88,
    "evSales": 10.46,
    "evEbitda": 56.35,
    "evEbit": 59.85,
    "evFcf": 66.13,
    "currentRatio": 2.867,
    "quickRatio": 2.674,
    "debtEquity": 0.05,
    "debtEbitda": 0.1,
    "debtFcf": 0.12,
    "interestCoverage": 138.878,
    "assetturnover": 2.298,
    "inventoryturnover": null,
    "shortInterest": 5474714.0,
    "shortShares": 17.191,
    "shortFloat": 17.89,
    "revenue": 228141000.0,
    "gp": 95797000.0,
    "opinc": 39858000.0,
    "pretax": 40682000.0,
    "netinc": 42691000.0,
    "ebitda": 42334000.0,
    "ebit": 39858000.0,
    "debt": 4223000.0,
    "workingcapital": 65567000.0,
    "ncfo": 43804000.0,
    "capex": -7732000.0,
    "fcf": 36072000.0,
    "grossMargin": 41.99,
    "operatingMargin": 17.471,
    "pretaxMargin": 17.832,
    "profitMargin": 18.713,
    "ebitdaMargin": 18.556,
    "ebitMargin": 17.471,
    "fcfMargin": 15.811,
    "dividendYield": null,
    "dividendGrowthYears": null,
    "payoutRatio": null,
    "buybackYield": -8.959,
    "earningsYield": 1.749,
    "fcfYield": 1.478,
    "priceTarget": 91.67
  },
  "NOW": {
    "industry": "SaaS",
    "marketcap": 193027948230.0,
    "enterpriseValue": 184649948230.0,
    "earningsdate": "Oct 29 2025",
    "exdivdate": null,
    "sharesOutClass": 207519000.0,
    "sharesout": 207519000.0,
    "sharesgrowthyoy": 1.018,
    "sharesgrowthqoq": -0.023,
    "float": 206944213.0,
    "pe": 117.049,
    "peForward": 51.209,
    "ps": 15.942,
    "psForward": 13.357,
    "pb": 17.657,
    "pegRatio": 1.945,
    "evEarnings": 111.17,
    "evSales": 15.31,
    "evEbitda": 80.49,
    "evEbit": 110.97,
    "evFcf": 47.97,
    "currentRatio": 1.092,
    "quickRatio": 0.921,
    "debtEquity": 0.22,
    "debtEbitda": 0.99,
    "debtFcf": 0.63,
    "interestCoverage": 72.348,
    "assetturnover": 0.599,
    "inventoryturnover": null,
    "shortInterest": 2877539.0,
    "shortShares": 1.387,
    "shortFloat": 1.39,
    "revenue": 12057000000.0,
    "gp": 9467000000.0,
    "opinc": 1664000000.0,
    "pretax": 2005000000.0,
    "netinc": 1661000000.0,
    "ebitda": 2294000000.0,
    "ebit": 1664000000.0,
    "debt": 2409000000.0,
    "workingcapital": 780000000.0,
    "ncfo": 4699000000.0,
    "capex": -850000000.0,
    "fcf": 3849000000.0,
    "grossMargin": 78.519,
    "operatingMargin": 13.801,
    "pretaxMargin": 16.629,
    "profitMargin": 13.776,
    "ebitdaMargin": 19.026,
    "ebitMargin": 13.801,
    "fcfMargin": 31.923,
    "dividendYield": null,
    "dividendGrowthYears": null,
    "payoutRatio": null,
    "buybackYield": -1.018,
    "earningsYield": 0.861,
    "fcfYield": 1.994,
    "priceTarget": 1108.1
  },
  "SNOW": {
    "industry": "SaaS",
    "marketcap": 87380270280.0,
    "enterpriseValue": 85464602280.0,
    "earningsdate": "Nov 19 2025",
    "exdivdate": null,
    "sharesOutClass": 338762000.0,
    "sharesout": 338762000.0,
    "sharesgrowthyoy": 0.223,
    "sharesgrowthqoq": 0.769,
    "float": 328125031.0,
    "pe": null,
    "peForward": 192.034,
    "ps": 20.854,
    "psForward": 16.843,
    "pb": 36.828,
    "pegRatio": 4.117,
    "evEarnings": null,
    "evSales": 20.76,
    "evEbitda": null,
    "evEbit": null,
    "evFcf": 113.75,
    "currentRatio": 1.485,
    "quickRatio": 1.375,
    "debtEquity": 1.13,
    "debtEbitda": null,
    "debtFcf": 3.58,
    "interestCoverage": -204.57,
    "assetturnover": 0.544,
    "inventoryturnover": null,
    "shortInterest": 10748397.0,
    "shortShares": 3.173,
    "shortFloat": 3.276,
    "revenue": 4115907000.0,
    "gp": 2748928000.0,
    "opinc": -1412349000.0,
    "pretax": -1378111000.0,
    "netinc": -1379862000.0,
    "ebitda": -1277532000.0,
    "ebit": -1412349000.0,
    "debt": 2692329000.0,
    "workingcapital": 1500045000.0,
    "ncfo": 837700000.0,
    "capex": -86371000.0,
    "fcf": 751329000.0,
    "grossMargin": 66.788,
    "operatingMargin": -34.314,
    "pretaxMargin": -33.483,
    "profitMargin": -33.525,
    "ebitdaMargin": -31.039,
    "ebitMargin": -34.314,
    "fcfMargin": 18.254,
    "dividendYield": null,
    "dividendGrowthYears": null,
    "payoutRatio": null,
    "buybackYield": -0.223,
    "earningsYield": -1.579,
    "fcfYield": 0.86,
    "priceTarget": 251.74
  },
  "INTU": {
    "industry": "SaaS",
    "marketcap": 190448907450.0,
    "enterpriseValue": 192535907450.0,
    "earningsdate": "Nov 20 2025",
    "exdivdate": "Oct 9 2025",
    "sharesOutClass": 278805000.0,
    "sharesout": 278805000.0,
    "sharesgrowthyoy": -0.352,
    "sharesgrowthqoq": null,
    "float": 271970065.0,
    "pe": 49.97,
    "peForward": 29.5,
    "ps": 10.157,
    "psForward": 8.846,
    "pb": 9.674,
    "pegRatio": 2.209,
    "evEarnings": 49.76,
    "evSales": 10.22,
    "evEbitda": 34.44,
    "evEbit": 38.99,
    "evFcf": 31.44,
    "currentRatio": 1.36,
    "quickRatio": 0.495,
    "debtEquity": 0.34,
    "debtEbitda": 1.16,
    "debtFcf": 1.08,
    "interestCoverage": 19.992,
    "assetturnover": 0.545,
    "inventoryturnover": null,
    "shortInterest": 4536322.0,
    "shortShares": 1.627,
    "shortFloat": 1.668,
    "revenue": 18831000000.0,
    "gp": 15139000000.0,
    "opinc": 4938000000.0,
    "pretax": 4834000000.0,
    "netinc": 3869000000.0,
    "ebitda": 5591000000.0,
    "ebit": 4938000000.0,
    "debt": 6639000000.0,
    "workingcapital": 3737000000.0,
    "ncfo": 6207000000.0,
    "capex": -84000000.0,
    "fcf": 6123000000.0,
    "grossMargin": 80.394,
    "operatingMargin": 26.223,
    "pretaxMargin": 25.67,
    "profitMargin": 20.546,
    "ebitdaMargin": 29.69,
    "ebitMargin": 26.223,
    "fcfMargin": 32.516,
    "dividendYield": 0.703,
    "dividendGrowthYears": 14.0,
    "payoutRatio": 31.602,
    "buybackYield": 0.352,
    "earningsYield": 2.032,
    "fcfYield": 3.215,
    "priceTarget": 812.28
  },
  "ACN": {
    "industry": "SaaS",
    "marketcap": 153577396604.0,
    "enterpriseValue": 150275588604.0,
    "earningsdate": "Sep 25 2025",
    "exdivdate": "Oct 10 2025",
    "sharesOutClass": 620138892.0,
    "sharesout": 620138892.0,
    "sharesgrowthyoy": -0.551,
    "sharesgrowthqoq": -0.165,
    "float": 618997235.0,
    "pe": 20.379,
    "peForward": 17.894,
    "ps": 2.221,
    "psForward": 2.075,
    "pb": 4.937,
    "pegRatio": 1.962,
    "evEarnings": 19.57,
    "evSales": 2.16,
    "evEbitda": 12.29,
    "evEbit": 13.84,
    "evFcf": 13.82,
    "currentRatio": 1.42,
    "quickRatio": 1.301,
    "debtEquity": 0.25,
    "debtEbitda": 0.62,
    "debtFcf": 0.75,
    "interestCoverage": 47.49,
    "assetturnover": 1.149,
    "inventoryturnover": null,
    "shortInterest": 13281486.0,
    "shortShares": 2.142,
    "shortFloat": 2.146,
    "revenue": 69672977000.0,
    "gp": 22235401000.0,
    "opinc": 10854147000.0,
    "pretax": 10270393000.0,
    "netinc": 7678433000.0,
    "ebitda": 12222532000.0,
    "ebit": 10854147000.0,
    "debt": 8182866000.0,
    "workingcapital": 8548592000.0,
    "ncfo": 11474399000.0,
    "capex": -600039000.0,
    "fcf": 10874360000.0,
    "grossMargin": 31.914,
    "operatingMargin": 15.579,
    "pretaxMargin": 14.741,
    "profitMargin": 11.021,
    "ebitdaMargin": 17.543,
    "ebitMargin": 15.579,
    "fcfMargin": 15.608,
    "dividendYield": 2.633,
    "dividendGrowthYears": 5.0,
    "payoutRatio": 49.949,
    "buybackYield": 0.551,
    "earningsYield": 5.0,
    "fcfYield": 7.081,
    "priceTarget": 298.82
  },
  "CRM": {
    "industry": "SaaS",
    "marketcap": 242598160000.0,
    "enterpriseValue": 239035160000.0,
    "earningsdate": "Dec 2 2025",
    "exdivdate": "Sep 17 2025",
    "sharesOutClass": 952000000.0,
    "sharesout": 952000000.0,
    "sharesgrowthyoy": -1.276,
    "sharesgrowthqoq": -0.825,
    "float": 926631528.0,
    "pe": 37.033,
    "peForward": 21.3,
    "ps": 6.177,
    "psForward": 5.586,
    "pb": 3.968,
    "pegRatio": 1.244,
    "evEarnings": 35.88,
    "evSales": 6.05,
    "evEbitda": 20.93,
    "evEbit": 28.52,
    "evFcf": 19.13,
    "currentRatio": 1.124,
    "quickRatio": 0.931,
    "debtEquity": 0.19,
    "debtEbitda": 0.98,
    "debtFcf": 0.94,
    "interestCoverage": 28.124,
    "assetturnover": 0.416,
    "inventoryturnover": null,
    "shortInterest": 17850737.0,
    "shortShares": 1.875,
    "shortFloat": 1.926,
    "revenue": 39502000000.0,
    "gp": 30673000000.0,
    "opinc": 8381000000.0,
    "pretax": 8114000000.0,
    "netinc": 6663000000.0,
    "ebitda": 11420000000.0,
    "ebit": 8381000000.0,
    "debt": 11809000000.0,
    "workingcapital": 2799000000.0,
    "ncfo": 13169000000.0,
    "capex": -672000000.0,
    "fcf": 12497000000.0,
    "grossMargin": 77.649,
    "operatingMargin": 21.217,
    "pretaxMargin": 20.541,
    "profitMargin": 16.868,
    "ebitdaMargin": 28.91,
    "ebitMargin": 21.217,
    "fcfMargin": 31.636,
    "dividendYield": 0.653,
    "dividendGrowthYears": 1.0,
    "payoutRatio": 24.182,
    "buybackYield": 1.276,
    "earningsYield": 2.747,
    "fcfYield": 5.151,
    "priceTarget": 330.24
  },
  "BSX": {
    "industry": "SaaS",
    "marketcap": 149819907714.0,
    "enterpriseValue": 161312907714.0,
    "earningsdate": "Oct 22 2025",
    "exdivdate": null,
    "sharesOutClass": 1481751634.0,
    "sharesout": 1481751634.0,
    "sharesgrowthyoy": 0.707,
    "sharesgrowthqoq": 0.134,
    "float": 1477461120.0,
    "pe": 54.07,
    "peForward": 30.532,
    "ps": 7.725,
    "psForward": 6.924,
    "pb": 6.677,
    "pegRatio": 1.85,
    "evEarnings": 57.8,
    "evSales": 8.34,
    "evEbitda": 31.1,
    "evEbit": 42.11,
    "evFcf": null,
    "currentRatio": null,
    "quickRatio": null,
    "debtEquity": 0.53,
    "debtEbitda": 2.32,
    "debtFcf": null,
    "interestCoverage": 11.301,
    "assetturnover": null,
    "inventoryturnover": null,
    "shortInterest": 19401596.0,
    "shortShares": 1.309,
    "shortFloat": 1.313,
    "revenue": 19349000000.0,
    "gp": 13332000000.0,
    "opinc": 3831000000.0,
    "pretax": 3270000000.0,
    "netinc": 2791000000.0,
    "ebitda": 5187000000.0,
    "ebit": 3831000000.0,
    "debt": 12027000000.0,
    "workingcapital": null,
    "ncfo": null,
    "capex": null,
    "fcf": null,
    "grossMargin": 68.903,
    "operatingMargin": 19.799,
    "pretaxMargin": 16.9,
    "profitMargin": 14.43,
    "ebitdaMargin": 26.808,
    "ebitMargin": 19.799,
    "fcfMargin": null,
    "dividendYield": null,
    "dividendGrowthYears": null,
    "payoutRatio": null,
    "buybackYield": -0.707,
    "earningsYield": 1.863,
    "fcfYield": null,
    "priceTarget": 124.53
  },
  "SHOP": {
    "industry": "SaaS",
    "marketcap": 224776326713.0,
    "enterpriseValue": 219264326713.0,
    "earningsdate": "Nov 4 2025",
    "exdivdate": null,
    "sharesOutClass": 1220418767.0,
    "sharesout": 1299660750.0,
    "sharesgrowthyoy": 0.878,
    "sharesgrowthqoq": 1.051,
    "float": 1217722102.0,
    "pe": 96.829,
    "peForward": 110.342,
    "ps": 22.349,
    "psForward": 17.801,
    "pb": 18.536,
    "pegRatio": 3.652,
    "evEarnings": 93.5,
    "evSales": 21.9,
    "evEbitda": 139.39,
    "evEbit": 142.29,
    "evFcf": 120.67,
    "currentRatio": 3.85,
    "quickRatio": 2.979,
    "debtEquity": 0.09,
    "debtEbitda": 0.71,
    "debtFcf": 0.63,
    "interestCoverage": null,
    "assetturnover": 0.773,
    "inventoryturnover": null,
    "shortInterest": 26378506.0,
    "shortShares": 2.03,
    "shortFloat": 2.166,
    "revenue": 10014000000.0,
    "gp": 4941000000.0,
    "opinc": 1541000000.0,
    "pretax": 2590000000.0,
    "netinc": 2345000000.0,
    "ebitda": 1573000000.0,
    "ebit": 1541000000.0,
    "debt": 1139000000.0,
    "workingcapital": 5923000000.0,
    "ncfo": 1833000000.0,
    "capex": -16000000.0,
    "fcf": 1817000000.0,
    "grossMargin": 49.341,
    "operatingMargin": 15.388,
    "pretaxMargin": 25.864,
    "profitMargin": 23.417,
    "ebitdaMargin": 15.708,
    "ebitMargin": 15.388,
    "fcfMargin": 18.145,
    "dividendYield": null,
    "dividendGrowthYears": null,
    "payoutRatio": null,
    "buybackYield": -0.878,
    "earningsYield": 1.043,
    "fcfYield": 0.808,
    "priceTarget": 143.67
  },
  "OKTA": {
    "industry": "\u8edf\u9ad4",
    "marketcap": 15701783421.0,
    "enterpriseValue": 13783783421.0,
    "earningsdate": "Dec 2 2025",
    "exdivdate": null,
    "sharesOutClass": 168459019.0,
    "sharesout": 176285881.0,
    "sharesgrowthyoy": 9.068,
    "sharesgrowthqoq": -0.434,
    "float": 167430645.0,
    "pe": 106.498,
    "peForward": 26.415,
    "ps": 5.576,
    "psForward": 5.125,
    "pb": 2.325,
    "pegRatio": 1.554,
    "evEarnings": 82.05,
    "evSales": 4.99,
    "evEbitda": 81.56,
    "evEbit": 166.07,
    "evFcf": 16.25,
    "currentRatio": 1.347,
    "quickRatio": 1.246,
    "debtEquity": 0.14,
    "debtEbitda": 4.74,
    "debtFcf": 1.11,
    "interestCoverage": 20.75,
    "assetturnover": 0.297,
    "inventoryturnover": null,
    "shortInterest": 5540710.0,
    "shortShares": 3.143,
    "shortFloat": 3.309,
    "revenue": 2763000000.0,
    "gp": 2125000000.0,
    "opinc": 83000000.0,
    "pretax": 191000000.0,
    "netinc": 168000000.0,
    "ebitda": 169000000.0,
    "ebit": 83000000.0,
    "debt": 940000000.0,
    "workingcapital": 919000000.0,
    "ncfo": 853000000.0,
    "capex": -5000000.0,
    "fcf": 848000000.0,
    "grossMargin": 76.909,
    "operatingMargin": 3.004,
    "pretaxMargin": 6.913,
    "profitMargin": 6.08,
    "ebitdaMargin": 6.117,
    "ebitMargin": 3.004,
    "fcfMargin": 30.691,
    "dividendYield": null,
    "dividendGrowthYears": null,
    "payoutRatio": null,
    "buybackYield": -9.068,
    "earningsYield": 1.07,
    "fcfYield": 5.401,
    "priceTarget": 121.95
  },
  "CFLT": {
    "industry": "SaaS",
    "marketcap": 7860165982.0,
    "enterpriseValue": 7027298982.0,
    "earningsdate": "Oct 27 2025",
    "exdivdate": null,
    "sharesOutClass": 291931187.0,
    "sharesout": 344744122.0,
    "sharesgrowthyoy": 6.738,
    "sharesgrowthqoq": 1.624,
    "float": 286668775.0,
    "pe": null,
    "peForward": 57.431,
    "ps": 7.124,
    "psForward": 6.218,
    "pb": 7.371,
    "pegRatio": 0.816,
    "evEarnings": null,
    "evSales": 6.6,
    "evEbitda": null,
    "evEbit": null,
    "evFcf": 182.24,
    "currentRatio": 3.984,
    "quickRatio": 3.75,
    "debtEquity": 1.04,
    "debtEbitda": null,
    "debtFcf": 28.73,
    "interestCoverage": -104.6,
    "assetturnover": 0.398,
    "inventoryturnover": null,
    "shortInterest": 20494269.0,
    "shortShares": 5.945,
    "shortFloat": 7.149,
    "revenue": 1064824000.0,
    "gp": 790268000.0,
    "opinc": -397063000.0,
    "pretax": -313761000.0,
    "netinc": -311722000.0,
    "ebitda": -373578000.0,
    "ebit": -397063000.0,
    "debt": 1107756000.0,
    "workingcapital": 1828620000.0,
    "ncfo": 42185000.0,
    "capex": -3624000.0,
    "fcf": 38561000.0,
    "grossMargin": 74.216,
    "operatingMargin": -37.289,
    "pretaxMargin": -29.466,
    "profitMargin": -29.275,
    "ebitdaMargin": -35.084,
    "ebitMargin": -37.289,
    "fcfMargin": 3.621,
    "dividendYield": null,
    "dividendGrowthYears": null,
    "payoutRatio": null,
    "buybackYield": -6.738,
    "earningsYield": -3.966,
    "fcfYield": 0.491,
    "priceTarget": 29.13
  },
  "TTD": {
    "industry": "\u8edf\u9ad4",
    "marketcap": 25425029188.0,
    "enterpriseValue": 24081317188.0,
    "earningsdate": "Nov 6 2025",
    "exdivdate": null,
    "sharesOutClass": 445666933.0,
    "sharesout": 488942869.0,
    "sharesgrowthyoy": 0.416,
    "sharesgrowthqoq": -1.425,
    "float": 442936347.0,
    "pe": 62.676,
    "peForward": 27.458,
    "ps": 9.565,
    "psForward": 8.255,
    "pb": 9.45,
    "pegRatio": 1.297,
    "evEarnings": 57.72,
    "evSales": 8.99,
    "evEbitda": 43.42,
    "evEbit": 50.7,
    "evFcf": 31.86,
    "currentRatio": 1.714,
    "quickRatio": 1.676,
    "debtEquity": 0.13,
    "debtEbitda": 0.53,
    "debtFcf": 0.45,
    "interestCoverage": 307.257,
    "assetturnover": 0.482,
    "inventoryturnover": null,
    "shortInterest": 39898607.0,
    "shortShares": 8.16,
    "shortFloat": 9.008,
    "revenue": 2679088000.0,
    "gp": 2127346000.0,
    "opinc": 475019000.0,
    "pretax": 557747000.0,
    "netinc": 417194000.0,
    "ebitda": 554574000.0,
    "ebit": 475019000.0,
    "debt": 343549000.0,
    "workingcapital": 2104731000.0,
    "ncfo": 929171000.0,
    "capex": -173251000.0,
    "fcf": 755920000.0,
    "grossMargin": 79.406,
    "operatingMargin": 17.731,
    "pretaxMargin": 20.819,
    "profitMargin": 15.572,
    "ebitdaMargin": 20.7,
    "ebitMargin": 17.731,
    "fcfMargin": 28.216,
    "dividendYield": null,
    "dividendGrowthYears": null,
    "payoutRatio": null,
    "buybackYield": -0.416,
    "earningsYield": 1.641,
    "fcfYield": 2.973,
    "priceTarget": 88.18
  },
  "DDOG": {
    "industry": "SaaS",
    "marketcap": 54568149865.0,
    "enterpriseValue": 51921606865.0,
    "earningsdate": "Nov 6 2025",
    "exdivdate": null,
    "sharesOutClass": 323270704.0,
    "sharesout": 348745126.0,
    "sharesgrowthyoy": -1.974,
    "sharesgrowthqoq": -1.199,
    "float": 321138568.0,
    "pe": 438.017,
    "peForward": 81.956,
    "ps": 17.733,
    "psForward": 14.726,
    "pb": 17.069,
    "pegRatio": 3.099,
    "evEarnings": 416.77,
    "evSales": 17.22,
    "evEbitda": 1743.33,
    "evEbit": null,
    "evFcf": 56.1,
    "currentRatio": 3.432,
    "quickRatio": 3.337,
    "debtEquity": 0.4,
    "debtEbitda": 14.37,
    "debtFcf": 1.37,
    "interestCoverage": -1.78,
    "assetturnover": 0.589,
    "inventoryturnover": null,
    "shortInterest": 13239993.0,
    "shortShares": 3.796,
    "shortFloat": 4.123,
    "revenue": 3016056000.0,
    "gp": 2411053000.0,
    "opinc": -18250000.0,
    "pretax": 147846000.0,
    "netinc": 124580000.0,
    "ebitda": 29783000.0,
    "ebit": -18250000.0,
    "debt": 1264427000.0,
    "workingcapital": 3291484000.0,
    "ncfo": 965505000.0,
    "capex": -40046000.0,
    "fcf": 925459000.0,
    "grossMargin": 79.941,
    "operatingMargin": -0.605,
    "pretaxMargin": 4.902,
    "profitMargin": 4.131,
    "ebitdaMargin": 0.987,
    "ebitMargin": -0.605,
    "fcfMargin": 30.684,
    "dividendYield": null,
    "dividendGrowthYears": null,
    "payoutRatio": null,
    "buybackYield": 1.974,
    "earningsYield": 0.228,
    "fcfYield": 1.696,
    "priceTarget": 159.0
  },
  "ADSK": {
    "industry": "SaaS",
    "marketcap": 66567890431.0,
    "enterpriseValue": 66783890431.0,
    "earningsdate": "Nov 25 2025",
    "exdivdate": null,
    "sharesOutClass": 212758535.0,
    "sharesout": 212758535.0,
    "sharesgrowthyoy": null,
    "sharesgrowthqoq": -0.463,
    "float": 212155460.0,
    "pe": 65.032,
    "peForward": 29.979,
    "ps": 10.161,
    "psForward": 8.779,
    "pb": 24.546,
    "pegRatio": 1.831,
    "evEarnings": 64.03,
    "evSales": 10.11,
    "evEbitda": 40.5,
    "evEbit": 43.25,
    "evFcf": 35.45,
    "currentRatio": 0.764,
    "quickRatio": 0.606,
    "debtEquity": 1.01,
    "debtEbitda": 1.58,
    "debtFcf": 1.45,
    "interestCoverage": null,
    "assetturnover": 0.635,
    "inventoryturnover": null,
    "shortInterest": 3430919.0,
    "shortShares": 1.613,
    "shortFloat": 1.617,
    "revenue": 6605000000.0,
    "gp": 6079000000.0,
    "opinc": 1544000000.0,
    "pretax": 1413000000.0,
    "netinc": 1043000000.0,
    "ebitda": 1649000000.0,
    "ebit": 1544000000.0,
    "debt": 2734000000.0,
    "workingcapital": -1077000000.0,
    "ncfo": 1925000000.0,
    "capex": -41000000.0,
    "fcf": 1884000000.0,
    "grossMargin": 92.036,
    "operatingMargin": 23.376,
    "pretaxMargin": 21.393,
    "profitMargin": 15.791,
    "ebitdaMargin": 24.966,
    "ebitMargin": 23.376,
    "fcfMargin": 28.524,
    "dividendYield": null,
    "dividendGrowthYears": null,
    "payoutRatio": null,
    "buybackYield": null,
    "earningsYield": 1.567,
    "fcfYield": 2.83,
    "priceTarget": 358.2
  },
  "WDAY": {
    "industry": "\u8edf\u9ad4",
    "marketcap": 64814250000.0,
    "enterpriseValue": 60404250000.0,
    "earningsdate": "Nov 25 2025",
    "exdivdate": null,
    "sharesOutClass": 217000000.0,
    "sharesout": 267000000.0,
    "sharesgrowthyoy": 0.512,
    "sharesgrowthqoq": -0.043,
    "float": 215073887.0,
    "pe": 112.323,
    "peForward": 25.447,
    "ps": 7.211,
    "psForward": 6.27,
    "pb": 7.067,
    "pegRatio": 0.975,
    "evEarnings": 103.61,
    "evSales": 6.74,
    "evEbitda": 54.57,
    "evEbit": 78.45,
    "evFcf": 25.23,
    "currentRatio": 2.105,
    "quickRatio": 1.993,
    "debtEquity": 0.41,
    "debtEbitda": 2.92,
    "debtFcf": 1.58,
    "interestCoverage": 6.754,
    "assetturnover": 0.524,
    "inventoryturnover": null,
    "shortInterest": 10216094.0,
    "shortShares": 3.826,
    "shortFloat": 4.75,
    "revenue": 8959000000.0,
    "gp": 6771000000.0,
    "opinc": 770000000.0,
    "pretax": 754000000.0,
    "netinc": 583000000.0,
    "ebitda": 1107000000.0,
    "ebit": 770000000.0,
    "debt": 3776000000.0,
    "workingcapital": 5462000000.0,
    "ncfo": 2591000000.0,
    "capex": -197000000.0,
    "fcf": 2394000000.0,
    "grossMargin": 75.578,
    "operatingMargin": 8.595,
    "pretaxMargin": 8.416,
    "profitMargin": 6.507,
    "ebitdaMargin": 12.356,
    "ebitMargin": 8.595,
    "fcfMargin": 26.722,
    "dividendYield": null,
    "dividendGrowthYears": null,
    "payoutRatio": null,
    "buybackYield": -0.512,
    "earningsYield": 0.899,
    "fcfYield": 3.694,
    "priceTarget": 285.72
  },
  "SAP": {
    "industry": "SaaS",
    "marketcap": 316109584771.0,
    "enterpriseValue": 315668733311.0,
    "earningsdate": "Oct 22 2025",
    "exdivdate": "May 13 2025",
    "sharesOutClass": null,
    "sharesout": 1164000000.0,
    "sharesgrowthyoy": -0.254,
    "sharesgrowthqoq": -0.255,
    "float": 963128919.0,
    "pe": 38.043,
    "peForward": 35.244,
    "ps": 7.383,
    "psForward": 7.879,
    "pb": 6.231,
    "pegRatio": null,
    "evEarnings": 37.99,
    "evSales": 7.37,
    "evEbitda": 24.86,
    "evEbit": 26.88,
    "evFcf": 42.03,
    "currentRatio": 1.105,
    "quickRatio": 0.943,
    "debtEquity": 0.21,
    "debtEbitda": 0.82,
    "debtFcf": 1.43,
    "interestCoverage": 14.761,
    "assetturnover": 0.529,
    "inventoryturnover": null,
    "shortInterest": 3040301.0,
    "shortShares": 0.26,
    "shortFloat": null,
    "revenue": 42818256487.0,
    "gp": 31613281712.0,
    "opinc": 11742344246.0,
    "pretax": 11641440809.0,
    "netinc": 8309280771.0,
    "ebitda": 12698580314.0,
    "ebit": 11742344246.0,
    "debt": 10701630882.0,
    "workingcapital": 2107239235.0,
    "ncfo": 8550979703.0,
    "capex": -971488912.0,
    "fcf": 7509872693.0,
    "grossMargin": 73.831,
    "operatingMargin": 27.424,
    "pretaxMargin": 27.188,
    "profitMargin": 19.406,
    "ebitdaMargin": 29.657,
    "ebitMargin": 27.424,
    "fcfMargin": 17.539,
    "dividendYield": 0.707,
    "dividendGrowthYears": 1.0,
    "payoutRatio": 26.958,
    "buybackYield": 0.254,
    "earningsYield": 2.629,
    "fcfYield": 2.376,
    "priceTarget": 340.75
  },
  "SQ": {
    "industry": "SaaS",
    "marketcap": 48484588285.0,
    "enterpriseValue": 47825488285.0,
    "earningsdate": "Nov 6 2025",
    "exdivdate": null,
    "sharesOutClass": 549561073.0,
    "sharesout": 609562337.0,
    "sharesgrowthyoy": 0.223,
    "sharesgrowthqoq": -2.583,
    "float": 543561716.0,
    "pe": 16.94,
    "peForward": 25.099,
    "ps": 2.057,
    "psForward": 1.859,
    "pb": 2.191,
    "pegRatio": 1.141,
    "evEarnings": 16.17,
    "evSales": 2.01,
    "evEbitda": 30.15,
    "evEbit": 37.22,
    "evFcf": 45.14,
    "currentRatio": 1.957,
    "quickRatio": 1.073,
    "debtEquity": 0.28,
    "debtEbitda": 3.69,
    "debtFcf": 5.78,
    "interestCoverage": 4.7,
    "assetturnover": 0.641,
    "inventoryturnover": 118.464,
    "shortInterest": 20833159.0,
    "shortShares": 3.418,
    "shortFloat": 3.833,
    "revenue": 23834615000.0,
    "gp": 9449042000.0,
    "opinc": 1285025000.0,
    "pretax": 1488373000.0,
    "netinc": 2958104000.0,
    "ebitda": 1586128000.0,
    "ebit": 1285025000.0,
    "debt": 6122475000.0,
    "workingcapital": 9636348000.0,
    "ncfo": 1206221000.0,
    "capex": -146784000.0,
    "fcf": 1059437000.0,
    "grossMargin": 39.644,
    "operatingMargin": 5.391,
    "pretaxMargin": 6.245,
    "profitMargin": 12.411,
    "ebitdaMargin": 6.655,
    "ebitMargin": 5.391,
    "fcfMargin": 4.445,
    "dividendYield": null,
    "dividendGrowthYears": null,
    "payoutRatio": null,
    "buybackYield": -0.223,
    "earningsYield": 6.101,
    "fcfYield": 2.185,
    "priceTarget": 79.63
  },
  "MDB": {
    "industry": "\u8edf\u9ad4",
    "marketcap": 27138218798.0,
    "enterpriseValue": 24862002798.0,
    "earningsdate": "Dec 8 2025",
    "exdivdate": null,
    "sharesOutClass": 81356893.0,
    "sharesout": 81356893.0,
    "sharesgrowthyoy": 8.199,
    "sharesgrowthqoq": 0.021,
    "float": 79046513.0,
    "pe": null,
    "peForward": 88.541,
    "ps": 11.816,
    "psForward": 10.654,
    "pb": 9.243,
    "pegRatio": 5.724,
    "evEarnings": null,
    "evSales": 11.21,
    "evEbitda": null,
    "evEbit": null,
    "evFcf": 103.63,
    "currentRatio": 5.697,
    "quickRatio": 5.286,
    "debtEquity": 0.02,
    "debtEbitda": null,
    "debtFcf": 0.29,
    "interestCoverage": -25.385,
    "assetturnover": 0.665,
    "inventoryturnover": null,
    "shortInterest": 4667242.0,
    "shortShares": 5.737,
    "shortFloat": 5.904,
    "revenue": 2218189000.0,
    "gp": 1604374000.0,
    "opinc": -163786000.0,
    "pretax": -79399000.0,
    "netinc": -78624000.0,
    "ebitda": -144251000.0,
    "ebit": -163786000.0,
    "debt": 69170000.0,
    "workingcapital": 2394706000.0,
    "ncfo": 270010000.0,
    "capex": -30108000.0,
    "fcf": 239902000.0,
    "grossMargin": 72.328,
    "operatingMargin": -7.384,
    "pretaxMargin": -3.579,
    "profitMargin": -3.545,
    "ebitdaMargin": -6.503,
    "ebitMargin": -7.384,
    "fcfMargin": 10.815,
    "dividendYield": null,
    "dividendGrowthYears": null,
    "payoutRatio": null,
    "buybackYield": -8.199,
    "earningsYield": -0.29,
    "fcfYield": 0.884,
    "priceTarget": 346.31
  },
  "ETSY": {
    "industry": "\u8edf\u9ad4",
    "marketcap": 7324123175.0,
    "enterpriseValue": 8987355175.0,
    "earningsdate": "Oct 29 2025",
    "exdivdate": null,
    "sharesOutClass": null,
    "sharesout": 99108568.0,
    "sharesgrowthyoy": -13.986,
    "sharesgrowthqoq": 13.475,
    "float": 79608876.0,
    "pe": 44.655,
    "peForward": 13.585,
    "ps": 2.58,
    "psForward": 2.527,
    "pb": null,
    "pegRatio": null,
    "evEarnings": 54.8,
    "evSales": 3.17,
    "evEbitda": 19.8,
    "evEbit": 22.6,
    "evFcf": 13.39,
    "currentRatio": 3.388,
    "quickRatio": 2.917,
    "debtEquity": null,
    "debtEbitda": 6.65,
    "debtFcf": 4.58,
    "interestCoverage": 28.328,
    "assetturnover": 1.134,
    "inventoryturnover": null,
    "shortInterest": 21669948.0,
    "shortShares": 21.865,
    "shortFloat": 27.221,
    "revenue": 2838411000.0,
    "gp": 2049471000.0,
    "opinc": 397754000.0,
    "pretax": 269970000.0,
    "netinc": 164016000.0,
    "ebitda": 453883000.0,
    "ebit": 397754000.0,
    "debt": 3075568000.0,
    "workingcapital": 1161637000.0,
    "ncfo": 689695000.0,
    "capex": -18412000.0,
    "fcf": 671283000.0,
    "grossMargin": 72.205,
    "operatingMargin": 14.013,
    "pretaxMargin": 9.511,
    "profitMargin": 5.778,
    "ebitdaMargin": 15.991,
    "ebitMargin": 14.013,
    "fcfMargin": 23.65,
    "dividendYield": null,
    "dividendGrowthYears": null,
    "payoutRatio": null,
    "buybackYield": 13.986,
    "earningsYield": 2.239,
    "fcfYield": 9.165,
    "priceTarget": 61.03
  },
  "TWLO": {
    "industry": "\u8edf\u9ad4",
    "marketcap": 17270486691.0,
    "enterpriseValue": 15830476691.0,
    "earningsdate": "Oct 30 2025",
    "exdivdate": null,
    "sharesOutClass": 153433606.0,
    "sharesout": 153433606.0,
    "sharesgrowthyoy": -11.299,
    "sharesgrowthqoq": -1.3,
    "float": 146945930.0,
    "pe": 853.116,
    "peForward": 24.052,
    "ps": 3.683,
    "psForward": 3.305,
    "pb": 2.149,
    "pegRatio": 0.587,
    "evEarnings": 781.98,
    "evSales": 3.35,
    "evEbitda": 56.1,
    "evEbit": 192.64,
    "evFcf": 20.44,
    "currentRatio": 4.905,
    "quickRatio": 4.348,
    "debtEquity": 0.14,
    "debtEbitda": 3.91,
    "debtFcf": 1.42,
    "interestCoverage": null,
    "assetturnover": 0.465,
    "inventoryturnover": null,
    "shortInterest": 6326252.0,
    "shortShares": 4.123,
    "shortFloat": 4.305,
    "revenue": 4729372000.0,
    "gp": 2363766000.0,
    "opinc": 82177000.0,
    "pretax": 42967000.0,
    "netinc": 20244000.0,
    "ebitda": 282181000.0,
    "ebit": 82177000.0,
    "debt": 1102590000.0,
    "workingcapital": 2811578000.0,
    "ncfo": 780901000.0,
    "capex": -6389000.0,
    "fcf": 774512000.0,
    "grossMargin": 49.981,
    "operatingMargin": 1.738,
    "pretaxMargin": 0.909,
    "profitMargin": 0.428,
    "ebitdaMargin": 5.967,
    "ebitMargin": 1.738,
    "fcfMargin": 16.377,
    "dividendYield": null,
    "dividendGrowthYears": null,
    "payoutRatio": null,
    "buybackYield": 11.299,
    "earningsYield": 0.117,
    "fcfYield": 4.485,
    "priceTarget": 132.42
  },
  "ORCL": {
    "industry": "\u8edf\u9ad4",
    "marketcap": 807715068775.0,
    "enterpriseValue": 908332068775.0,
    "earningsdate": "Dec 8 2025",
    "exdivdate": "Oct 9 2025",
    "sharesOutClass": 2850792605.0,
    "sharesout": 2850792605.0,
    "sharesgrowthyoy": 1.784,
    "sharesgrowthqoq": 1.324,
    "float": 1683746234.0,
    "pe": 65.605,
    "peForward": 40.009,
    "ps": 13.467,
    "psForward": 11.25,
    "pb": 33.325,
    "pegRatio": 1.746,
    "evEarnings": 73.01,
    "evSales": 15.39,
    "evEbitda": 37.13,
    "evEbit": 48.9,
    "evFcf": null,
    "currentRatio": 0.618,
    "quickRatio": 0.498,
    "debtEquity": 4.53,
    "debtEbitda": 4.23,
    "debtFcf": null,
    "interestCoverage": 5.077,
    "assetturnover": 0.364,
    "inventoryturnover": null,
    "shortInterest": 18589003.0,
    "shortShares": 0.652,
    "shortFloat": 1.104,
    "revenue": 59018000000.0,
    "gp": 41113000000.0,
    "opinc": 18577000000.0,
    "pretax": 14418000000.0,
    "netinc": 12441000000.0,
    "ebitda": 24463000000.0,
    "ebit": 18577000000.0,
    "debt": 111622000000.0,
    "workingcapital": -15240000000.0,
    "ncfo": 21534000000.0,
    "capex": -27414000000.0,
    "fcf": -5880000000.0,
    "grossMargin": 69.662,
    "operatingMargin": 31.477,
    "pretaxMargin": 24.43,
    "profitMargin": 21.08,
    "ebitdaMargin": 41.45,
    "ebitMargin": 31.477,
    "fcfMargin": null,
    "dividendYield": 0.706,
    "dividendGrowthYears": 11.0,
    "payoutRatio": 43.995,
    "buybackYield": -1.784,
    "earningsYield": 1.54,
    "fcfYield": -0.728,
    "priceTarget": 334.06
  },
  "UBER": {
    "industry": "\u8edf\u9ad4",
    "marketcap": 196175334851.0,
    "enterpriseValue": 196203334851.0,
    "earningsdate": "Nov 4 2025",
    "exdivdate": null,
    "sharesOutClass": 2085418676.0,
    "sharesout": 2085418676.0,
    "sharesgrowthyoy": 0.108,
    "sharesgrowthqoq": 0.142,
    "float": 2074423227.0,
    "pe": 15.978,
    "peForward": 29.751,
    "ps": 4.169,
    "psForward": 3.476,
    "pb": 8.687,
    "pegRatio": 1.141,
    "evEarnings": 15.54,
    "evSales": 4.15,
    "evEbitda": 37.51,
    "evEbit": 43.51,
    "evFcf": 22.97,
    "currentRatio": 1.112,
    "quickRatio": 0.928,
    "debtEquity": 0.52,
    "debtEbitda": 2.21,
    "debtFcf": 1.45,
    "interestCoverage": 9.533,
    "assetturnover": 0.971,
    "inventoryturnover": null,
    "shortInterest": 52086395.0,
    "shortShares": 2.498,
    "shortFloat": 2.511,
    "revenue": 47331000000.0,
    "gp": 16059000000.0,
    "opinc": 4509000000.0,
    "pretax": 6520000000.0,
    "netinc": 12626000000.0,
    "ebitda": 5230000000.0,
    "ebit": 4509000000.0,
    "debt": 12342000000.0,
    "workingcapital": 1421000000.0,
    "ncfo": 8789000000.0,
    "capex": -249000000.0,
    "fcf": 8540000000.0,
    "grossMargin": 33.929,
    "operatingMargin": 9.527,
    "pretaxMargin": 13.775,
    "profitMargin": 26.676,
    "ebitdaMargin": 11.05,
    "ebitMargin": 9.527,
    "fcfMargin": 18.043,
    "dividendYield": null,
    "dividendGrowthYears": null,
    "payoutRatio": null,
    "buybackYield": -0.108,
    "earningsYield": 6.436,
    "fcfYield": 4.353,
    "priceTarget": 107.03
  },
  "Z": {
    "industry": "\u8edf\u9ad4",
    "marketcap": 18523553069.0,
    "enterpriseValue": 17684553069.0,
    "earningsdate": "Oct 30 2025",
    "exdivdate": null,
    "sharesOutClass": 185964745.0,
    "sharesout": 185964745.0,
    "sharesgrowthyoy": 1.829,
    "sharesgrowthqoq": -1.767,
    "float": 223866165.0,
    "pe": null,
    "peForward": 38.588,
    "ps": 7.757,
    "psForward": 6.606,
    "pb": 3.903,
    "pegRatio": null,
    "evEarnings": null,
    "evSales": 7.41,
    "evEbitda": null,
    "evEbit": null,
    "evFcf": 51.41,
    "currentRatio": 3.335,
    "quickRatio": 2.414,
    "debtEquity": 0.07,
    "debtEbitda": null,
    "debtFcf": 0.95,
    "interestCoverage": -4.926,
    "assetturnover": 0.397,
    "inventoryturnover": null,
    "shortInterest": 15388005.0,
    "shortShares": 8.275,
    "shortFloat": 6.874,
    "revenue": 2388000000.0,
    "gp": 1809000000.0,
    "opinc": -133000000.0,
    "pretax": -61000000.0,
    "netinc": -62000000.0,
    "ebitda": -38000000.0,
    "ebit": -133000000.0,
    "debt": 328000000.0,
    "workingcapital": 1275000000.0,
    "ncfo": 484000000.0,
    "capex": -140000000.0,
    "fcf": 344000000.0,
    "grossMargin": 75.754,
    "operatingMargin": -5.57,
    "pretaxMargin": -2.554,
    "profitMargin": -2.596,
    "ebitdaMargin": -1.591,
    "ebitMargin": -5.57,
    "fcfMargin": 14.405,
    "dividendYield": null,
    "dividendGrowthYears": null,
    "payoutRatio": null,
    "buybackYield": -1.829,
    "earningsYield": -0.335,
    "fcfYield": 1.857,
    "priceTarget": 86.61
  },
  "HUBS": {
    "industry": "\u8edf\u9ad4",
    "marketcap": 24748372974.0,
    "enterpriseValue": 23359373974.0,
    "earningsdate": "Nov 5 2025",
    "exdivdate": null,
    "sharesOutClass": 52693110.0,
    "sharesout": 52693110.0,
    "sharesgrowthyoy": 2.855,
    "sharesgrowthqoq": 1.039,
    "float": 50816852.0,
    "pe": null,
    "peForward": 44.445,
    "ps": 8.57,
    "psForward": 7.286,
    "pb": 11.986,
    "pegRatio": 1.431,
    "evEarnings": null,
    "evSales": 8.2,
    "evEbitda": null,
    "evEbit": null,
    "evFcf": 37.29,
    "currentRatio": 1.795,
    "quickRatio": 1.547,
    "debtEquity": 0.14,
    "debtEbitda": null,
    "debtFcf": 0.45,
    "interestCoverage": -23.544,
    "assetturnover": 0.809,
    "inventoryturnover": null,
    "shortInterest": 1027565.0,
    "shortShares": 1.95,
    "shortFloat": 2.022,
    "revenue": 2847902000.0,
    "gp": 2407973000.0,
    "opinc": -64912000.0,
    "pretax": 8312000.0,
    "netinc": -11922000.0,
    "ebitda": -45598000.0,
    "ebit": -64912000.0,
    "debt": 280532000.0,
    "workingcapital": 1022684000.0,
    "ncfo": 679615000.0,
    "capex": -53227000.0,
    "fcf": 626388000.0,
    "grossMargin": 84.553,
    "operatingMargin": -2.279,
    "pretaxMargin": 0.292,
    "profitMargin": -0.419,
    "ebitdaMargin": -1.601,
    "ebitMargin": -2.279,
    "fcfMargin": 21.995,
    "dividendYield": null,
    "dividendGrowthYears": null,
    "payoutRatio": null,
    "buybackYield": -2.855,
    "earningsYield": -0.048,
    "fcfYield": 2.531,
    "priceTarget": 719.5
  },
  "DOCU": {
    "industry": "\u8edf\u9ad4",
    "marketcap": 14376933324.0,
    "enterpriseValue": 13659420324.0,
    "earningsdate": "Dec 4 2025",
    "exdivdate": null,
    "sharesOutClass": 201104117.0,
    "sharesout": 201104117.0,
    "sharesgrowthyoy": 0.912,
    "sharesgrowthqoq": -0.872,
    "float": 198833310.0,
    "pe": 53.605,
    "peForward": 18.715,
    "ps": 4.693,
    "psForward": 4.276,
    "pb": 7.232,
    "pegRatio": 1.048,
    "evEarnings": 48.62,
    "evSales": 4.41,
    "evEbitda": 45.71,
    "evEbit": 54.79,
    "evFcf": 14.6,
    "currentRatio": 0.743,
    "quickRatio": 0.682,
    "debtEquity": 0.06,
    "debtEbitda": 0.39,
    "debtFcf": 0.14,
    "interestCoverage": 115.0,
    "assetturnover": 0.804,
    "inventoryturnover": null,
    "shortInterest": 5282207.0,
    "shortShares": 2.627,
    "shortFloat": 2.657,
    "revenue": 3095362000.0,
    "gp": 2461400000.0,
    "opinc": 249321000.0,
    "pretax": 289711000.0,
    "netinc": 280971000.0,
    "ebitda": 298846000.0,
    "ebit": 249321000.0,
    "debt": 126942000.0,
    "workingcapital": -457395000.0,
    "ncfo": 1039750000.0,
    "capex": -104004000.0,
    "fcf": 935746000.0,
    "grossMargin": 79.519,
    "operatingMargin": 8.055,
    "pretaxMargin": 9.36,
    "profitMargin": 9.077,
    "ebitdaMargin": 9.655,
    "ebitMargin": 8.055,
    "fcfMargin": 30.231,
    "dividendYield": null,
    "dividendGrowthYears": null,
    "payoutRatio": null,
    "buybackYield": -0.912,
    "earningsYield": 1.954,
    "fcfYield": 6.509,
    "priceTarget": 95.62
  },
  "SPLK": {
    "industry": "\u8edf\u9ad4",
    "marketcap": null,
    "enterpriseValue": null,
    "earningsdate": null,
    "exdivdate": null,
    "sharesOutClass": null,
    "sharesout": null,
    "sharesgrowthyoy": null,
    "sharesgrowthqoq": 2.941,
    "float": null,
    "pe": null,
    "peForward": null,
    "ps": null,
    "psForward": 5.884,
    "pb": null,
    "pegRatio": null,
    "evEarnings": null,
    "evSales": null,
    "evEbitda": null,
    "evEbit": null,
    "evFcf": null,
    "currentRatio": 1.623,
    "quickRatio": 1.503,
    "debtEquity": 4.4,
    "debtEbitda": 6.5,
    "debtFcf": 3.27,
    "interestCoverage": 8.303,
    "assetturnover": 0.647,
    "inventoryturnover": null,
    "shortInterest": 4853552.0,
    "shortShares": 2.88,
    "shortFloat": 3.128,
    "revenue": 4215595000.0,
    "gp": 3362932000.0,
    "opinc": 352923000.0,
    "pretax": 297171000.0,
    "netinc": 263734000.0,
    "ebitda": 441598000.0,
    "ebit": 352923000.0,
    "debt": 3261572000.0,
    "workingcapital": 1594398000.0,
    "ncfo": 1008363000.0,
    "capex": -10626000.0,
    "fcf": 997737000.0,
    "grossMargin": 79.774,
    "operatingMargin": 8.372,
    "pretaxMargin": 7.049,
    "profitMargin": 6.256,
    "ebitdaMargin": 10.475,
    "ebitMargin": 8.372,
    "fcfMargin": 23.668,
    "dividendYield": null,
    "dividendGrowthYears": null,
    "payoutRatio": null,
    "buybackYield": -7.998,
    "earningsYield": null,
    "fcfYield": null,
    "priceTarget": null
  },
  "RBLX": {
    "industry": "\u8edf\u9ad4",
    "marketcap": 88534529544.0,
    "enterpriseValue": 87692451544.0,
    "earningsdate": "Oct 30 2025",
    "exdivdate": null,
    "sharesOutClass": 645032994.0,
    "sharesout": 693246649.0,
    "sharesgrowthyoy": 5.723,
    "sharesgrowthqoq": 1.962,
    "float": 610917628.0,
    "pe": null,
    "peForward": null,
    "ps": 21.179,
    "psForward": 13.177,
    "pb": 250.618,
    "pegRatio": null,
    "evEarnings": null,
    "evSales": 21.8,
    "evEbitda": null,
    "evEbit": null,
    "evFcf": 93.11,
    "currentRatio": 0.972,
    "quickRatio": 0.784,
    "debtEquity": 5.29,
    "debtEbitda": null,
    "debtFcf": 1.9,
    "interestCoverage": -26.2,
    "assetturnover": 0.562,
    "inventoryturnover": null,
    "shortInterest": 16906354.0,
    "shortShares": 2.439,
    "shortFloat": 2.767,
    "revenue": 4023020000.0,
    "gp": 1076031000.0,
    "opinc": -1082309000.0,
    "pretax": -952852000.0,
    "netinc": -952328000.0,
    "ebitda": -854867000.0,
    "ebit": -1082309000.0,
    "debt": 1785118000.0,
    "workingcapital": -111957000.0,
    "ncfo": 1075097000.0,
    "capex": -133240000.0,
    "fcf": 941857000.0,
    "grossMargin": 26.747,
    "operatingMargin": -26.903,
    "pretaxMargin": -23.685,
    "profitMargin": -23.672,
    "ebitdaMargin": -21.249,
    "ebitMargin": -26.903,
    "fcfMargin": 23.412,
    "dividendYield": null,
    "dividendGrowthYears": null,
    "payoutRatio": null,
    "buybackYield": -5.723,
    "earningsYield": -1.076,
    "fcfYield": 1.064,
    "priceTarget": 131.35
  },
  "U": {
    "industry": "\u8edf\u9ad4",
    "marketcap": 15755692044.0,
    "enterpriseValue": 16405707044.0,
    "earningsdate": "Nov 5 2025",
    "exdivdate": null,
    "sharesOutClass": 422517888.0,
    "sharesout": 422517888.0,
    "sharesgrowthyoy": 5.713,
    "sharesgrowthqoq": 1.387,
    "float": 343803584.0,
    "pe": null,
    "peForward": 48.726,
    "ps": 8.557,
    "psForward": 8.242,
    "pb": 4.919,
    "pegRatio": 4.706,
    "evEarnings": null,
    "evSales": 9.22,
    "evEbitda": null,
    "evEbit": null,
    "evFcf": 46.22,
    "currentRatio": 2.726,
    "quickRatio": 2.59,
    "debtEquity": 0.68,
    "debtEbitda": null,
    "debtFcf": 6.6,
    "interestCoverage": -20.523,
    "assetturnover": 0.266,
    "inventoryturnover": null,
    "shortInterest": 23595197.0,
    "shortShares": 5.584,
    "shortFloat": 6.863,
    "revenue": 1779560000.0,
    "gp": 1323955000.0,
    "opinc": -484333000.0,
    "pretax": -418680000.0,
    "netinc": -433906000.0,
    "ebitda": -85427000.0,
    "ebit": -484333000.0,
    "debt": 2341060000.0,
    "workingcapital": 1524511000.0,
    "ncfo": 380672000.0,
    "capex": -25757000.0,
    "fcf": 354915000.0,
    "grossMargin": 74.398,
    "operatingMargin": -27.216,
    "pretaxMargin": -23.527,
    "profitMargin": -24.383,
    "ebitdaMargin": -4.8,
    "ebitMargin": -27.216,
    "fcfMargin": 19.944,
    "dividendYield": null,
    "dividendGrowthYears": null,
    "payoutRatio": null,
    "buybackYield": -5.713,
    "earningsYield": -2.754,
    "fcfYield": 2.253,
    "priceTarget": 33.8
  },
  "PLTR": {
    "industry": "\u8edf\u9ad4",
    "marketcap": 438005581189.0,
    "enterpriseValue": 432242971189.0,
    "earningsdate": "Nov 3 2025",
    "exdivdate": null,
    "sharesOutClass": 2274261581.0,
    "sharesout": 2372342421.0,
    "sharesgrowthyoy": 6.337,
    "sharesgrowthqoq": 0.395,
    "float": 2189636843.0,
    "pe": 573.838,
    "peForward": 249.029,
    "ps": 124.356,
    "psForward": 88.827,
    "pb": 73.861,
    "pegRatio": 7.04,
    "evEarnings": 566.29,
    "evSales": 125.63,
    "evEbitda": 723.06,
    "evEbit": 758.92,
    "evFcf": 252.97,
    "currentRatio": 6.324,
    "quickRatio": 6.193,
    "debtEquity": 0.04,
    "debtEbitda": 0.37,
    "debtFcf": 0.14,
    "interestCoverage": null,
    "assetturnover": 0.548,
    "inventoryturnover": null,
    "shortInterest": 53884782.0,
    "shortShares": 2.271,
    "shortFloat": 2.461,
    "revenue": 3440587000.0,
    "gp": 2753511000.0,
    "opinc": 569548000.0,
    "pretax": 793172000.0,
    "netinc": 763292000.0,
    "ebitda": 597793000.0,
    "ebit": 569548000.0,
    "debt": 237812000.0,
    "workingcapital": 5800753000.0,
    "ncfo": 1729613000.0,
    "capex": -20909000.0,
    "fcf": 1708704000.0,
    "grossMargin": 80.03,
    "operatingMargin": 16.554,
    "pretaxMargin": 23.053,
    "profitMargin": 22.185,
    "ebitdaMargin": 17.375,
    "ebitMargin": 16.554,
    "fcfMargin": 49.663,
    "dividendYield": null,
    "dividendGrowthYears": null,
    "payoutRatio": null,
    "buybackYield": -6.337,
    "earningsYield": 0.174,
    "fcfYield": 0.39,
    "priceTarget": 142.1
  },
  "MTCH": {
    "industry": "\u8edf\u9ad4",
    "marketcap": 7849094435.0,
    "enterpriseValue": 11023360435.0,
    "earningsdate": "Nov 4 2025",
    "exdivdate": "Oct 3 2025",
    "sharesOutClass": 240622147.0,
    "sharesout": 240622147.0,
    "sharesgrowthyoy": -5.721,
    "sharesgrowthqoq": -2.999,
    "float": 223584536.0,
    "pe": 16.056,
    "peForward": 9.014,
    "ps": 2.373,
    "psForward": 2.158,
    "pb": null,
    "pegRatio": 0.431,
    "evEarnings": 20.5,
    "evSales": 3.19,
    "evEbitda": 11.26,
    "evEbit": 12.96,
    "evFcf": 12.15,
    "currentRatio": 0.697,
    "quickRatio": 0.618,
    "debtEquity": null,
    "debtEbitda": 3.49,
    "debtFcf": 3.87,
    "interestCoverage": 5.781,
    "assetturnover": 0.838,
    "inventoryturnover": null,
    "shortInterest": 7666264.0,
    "shortShares": 3.186,
    "shortFloat": 3.429,
    "revenue": 3450576000.0,
    "gp": 2484503000.0,
    "opinc": 850362000.0,
    "pretax": 672842000.0,
    "netinc": 537812000.0,
    "ebitda": 979270000.0,
    "ebit": 850362000.0,
    "debt": 3514681000.0,
    "workingcapital": -335286000.0,
    "ncfo": 956610000.0,
    "capex": -48970000.0,
    "fcf": 907640000.0,
    "grossMargin": 72.003,
    "operatingMargin": 24.644,
    "pretaxMargin": 19.499,
    "profitMargin": 15.586,
    "ebitdaMargin": 28.38,
    "ebitMargin": 24.644,
    "fcfMargin": 26.304,
    "dividendYield": 2.33,
    "dividendGrowthYears": null,
    "payoutRatio": 37.408,
    "buybackYield": 5.721,
    "earningsYield": 6.852,
    "fcfYield": 11.564,
    "priceTarget": 35.56
  },
  "PINS": {
    "industry": "\u8edf\u9ad4",
    "marketcap": 23097211196.0,
    "enterpriseValue": 20575248196.0,
    "earningsdate": "Nov 4 2025",
    "exdivdate": null,
    "sharesOutClass": 599264132.0,
    "sharesout": 679929679.0,
    "sharesgrowthyoy": 3.902,
    "sharesgrowthqoq": 0.069,
    "float": 595281681.0,
    "pe": 12.39,
    "peForward": 17.9,
    "ps": 5.885,
    "psForward": 5.026,
    "pb": 4.796,
    "pegRatio": 0.869,
    "evEarnings": 10.68,
    "evSales": 5.27,
    "evEbitda": 75.11,
    "evEbit": 82.13,
    "evFcf": 19.64,
    "currentRatio": 8.757,
    "quickRatio": 8.51,
    "debtEquity": 0.03,
    "debtEbitda": 0.44,
    "debtFcf": 0.13,
    "interestCoverage": null,
    "assetturnover": 0.854,
    "inventoryturnover": null,
    "shortInterest": 29865537.0,
    "shortShares": 4.392,
    "shortFloat": 5.017,
    "revenue": 3905718000.0,
    "gp": 3119031000.0,
    "opinc": 250517000.0,
    "pretax": 337625000.0,
    "netinc": 1925708000.0,
    "ebitda": 273940000.0,
    "ebit": 250517000.0,
    "debt": 137412000.0,
    "workingcapital": 3116610000.0,
    "ncfo": 1073421000.0,
    "capex": -26008000.0,
    "fcf": 1047413000.0,
    "grossMargin": 79.858,
    "operatingMargin": 6.414,
    "pretaxMargin": 8.644,
    "profitMargin": 49.305,
    "ebitdaMargin": 7.014,
    "ebitMargin": 6.414,
    "fcfMargin": 26.817,
    "dividendYield": null,
    "dividendGrowthYears": null,
    "payoutRatio": null,
    "buybackYield": -3.902,
    "earningsYield": 8.337,
    "fcfYield": 4.535,
    "priceTarget": 43.19
  },
  "CYBR": {
    "industry": "\u8edf\u9ad4",
    "marketcap": 25840666037.0,
    "enterpriseValue": 25225416037.0,
    "earningsdate": "Nov 12 2025",
    "exdivdate": null,
    "sharesOutClass": 50476952.0,
    "sharesout": 50476952.0,
    "sharesgrowthyoy": 12.894,
    "sharesgrowthqoq": -2.112,
    "float": 50048272.0,
    "pe": null,
    "peForward": 120.361,
    "ps": 20.375,
    "psForward": 17.535,
    "pb": 11.066,
    "pegRatio": 5.21,
    "evEarnings": null,
    "evSales": 21.02,
    "evEbitda": 1323.68,
    "evEbit": null,
    "evFcf": 120.05,
    "currentRatio": 2.314,
    "quickRatio": 2.208,
    "debtEquity": 0.53,
    "debtEbitda": 37.78,
    "debtFcf": 5.8,
    "interestCoverage": -29.023,
    "assetturnover": 0.361,
    "inventoryturnover": null,
    "shortInterest": 1281535.0,
    "shortShares": 3.19,
    "shortFloat": null,
    "revenue": 1200117000.0,
    "gp": 922360000.0,
    "opinc": -77200000.0,
    "pretax": -47199000.0,
    "netinc": -165373000.0,
    "ebitda": 19057000.0,
    "ebit": -77200000.0,
    "debt": 1219236000.0,
    "workingcapital": 1062976000.0,
    "ncfo": 222168000.0,
    "capex": -12036000.0,
    "fcf": 210132000.0,
    "grossMargin": 76.856,
    "operatingMargin": -6.433,
    "pretaxMargin": -3.933,
    "profitMargin": -13.78,
    "ebitdaMargin": 1.588,
    "ebitMargin": -6.433,
    "fcfMargin": 17.509,
    "dividendYield": null,
    "dividendGrowthYears": null,
    "payoutRatio": null,
    "buybackYield": -12.894,
    "earningsYield": -0.64,
    "fcfYield": 0.813,
    "priceTarget": 446.48
  },
  "PANW": {
    "industry": "\u8edf\u9ad4",
    "marketcap": 146955448264.0,
    "enterpriseValue": 144469648264.0,
    "earningsdate": "Nov 19 2025",
    "exdivdate": null,
    "sharesOutClass": 676870933.0,
    "sharesout": 676870933.0,
    "sharesgrowthyoy": 0.198,
    "sharesgrowthqoq": 0.226,
    "float": 670361277.0,
    "pe": 135.694,
    "peForward": 57.064,
    "ps": 15.598,
    "psForward": 13.709,
    "pb": 18.533,
    "pegRatio": 3.243,
    "evEarnings": 127.41,
    "evSales": 15.67,
    "evEbitda": 108.66,
    "evEbit": 135.17,
    "evFcf": 41.64,
    "currentRatio": 0.942,
    "quickRatio": 0.824,
    "debtEquity": 0.05,
    "debtEbitda": 0.29,
    "debtFcf": 0.12,
    "interestCoverage": 356.267,
    "assetturnover": 0.423,
    "inventoryturnover": null,
    "shortInterest": 48578462.0,
    "shortShares": 7.177,
    "shortFloat": 7.247,
    "revenue": 9221500000.0,
    "gp": 6769900000.0,
    "opinc": 1068800000.0,
    "pretax": 1595700000.0,
    "netinc": 1133900000.0,
    "ebitda": 1329500000.0,
    "ebit": 1068800000.0,
    "debt": 417400000.0,
    "workingcapital": -465200000.0,
    "ncfo": 3716000000.0,
    "capex": -246200000.0,
    "fcf": 3469800000.0,
    "grossMargin": 73.414,
    "operatingMargin": 11.59,
    "pretaxMargin": 17.304,
    "profitMargin": 12.296,
    "ebitdaMargin": 14.417,
    "ebitMargin": 11.59,
    "fcfMargin": 37.627,
    "dividendYield": null,
    "dividendGrowthYears": null,
    "payoutRatio": null,
    "buybackYield": -0.198,
    "earningsYield": 0.772,
    "fcfYield": 2.361,
    "priceTarget": 215.38
  },
  "PATH": {
    "industry": "\u8edf\u9ad4",
    "marketcap": 8751236743.0,
    "enterpriseValue": 7307908743.0,
    "earningsdate": "Dec 4 2025",
    "exdivdate": null,
    "sharesOutClass": 453568899.0,
    "sharesout": 531021647.0,
    "sharesgrowthyoy": -3.798,
    "sharesgrowthqoq": -1.019,
    "float": 418559273.0,
    "pe": 433.917,
    "peForward": 23.631,
    "ps": 6.018,
    "psForward": 5.247,
    "pb": 5.252,
    "pegRatio": 0.979,
    "evEarnings": 362.35,
    "evSales": 4.88,
    "evEbitda": null,
    "evEbit": null,
    "evFcf": 23.6,
    "currentRatio": 2.75,
    "quickRatio": 2.485,
    "debtEquity": 0.05,
    "debtEbitda": 13.82,
    "debtFcf": 0.26,
    "interestCoverage": null,
    "assetturnover": 0.565,
    "inventoryturnover": null,
    "shortInterest": 48050582.0,
    "shortShares": 9.049,
    "shortFloat": 11.48,
    "revenue": 1496651000.0,
    "gp": 1243626000.0,
    "opinc": -29831000.0,
    "pretax": 12724000.0,
    "netinc": 20168000.0,
    "ebitda": -16999000.0,
    "ebit": -29831000.0,
    "debt": 79310000.0,
    "workingcapital": 1292319000.0,
    "ncfo": 334741000.0,
    "capex": -25099000.0,
    "fcf": 309642000.0,
    "grossMargin": 83.094,
    "operatingMargin": -1.993,
    "pretaxMargin": 0.85,
    "profitMargin": 1.348,
    "ebitdaMargin": -1.136,
    "ebitMargin": -1.993,
    "fcfMargin": 20.689,
    "dividendYield": null,
    "dividendGrowthYears": null,
    "payoutRatio": null,
    "buybackYield": 3.798,
    "earningsYield": 0.23,
    "fcfYield": 3.538,
    "priceTarget": 13.88
  },
  "DASH": {
    "industry": "\u8edf\u9ad4",
    "marketcap": 110280345881.0,
    "enterpriseValue": 107807345881.0,
    "earningsdate": "Nov 5 2025",
    "exdivdate": null,
    "sharesOutClass": 402361247.0,
    "sharesout": 427194832.0,
    "sharesgrowthyoy": 10.589,
    "sharesgrowthqoq": 0.646,
    "float": 367464927.0,
    "pe": 147.004,
    "peForward": 45.734,
    "ps": 9.098,
    "psForward": 7.394,
    "pb": 12.351,
    "pegRatio": 1.211,
    "evEarnings": 138.04,
    "evSales": 9.06,
    "evEbitda": 129.27,
    "evEbit": 183.97,
    "evFcf": 54.34,
    "currentRatio": 2.073,
    "quickRatio": 1.276,
    "debtEquity": 0.36,
    "debtEbitda": 3.42,
    "debtFcf": 1.64,
    "interestCoverage": null,
    "assetturnover": 0.826,
    "inventoryturnover": null,
    "shortInterest": 11801348.0,
    "shortShares": 2.763,
    "shortFloat": 3.212,
    "revenue": 11895000000.0,
    "gp": 6071000000.0,
    "opinc": 586000000.0,
    "pretax": 800000000.0,
    "netinc": 781000000.0,
    "ebitda": 834000000.0,
    "ebit": 586000000.0,
    "debt": 3251000000.0,
    "workingcapital": 5039000000.0,
    "ncfo": 2188000000.0,
    "capex": -204000000.0,
    "fcf": 1984000000.0,
    "grossMargin": 51.038,
    "operatingMargin": 4.926,
    "pretaxMargin": 6.726,
    "profitMargin": 6.566,
    "ebitdaMargin": 7.011,
    "ebitMargin": 4.926,
    "fcfMargin": 16.679,
    "dividendYield": null,
    "dividendGrowthYears": null,
    "payoutRatio": null,
    "buybackYield": -10.589,
    "earningsYield": 0.708,
    "fcfYield": 1.799,
    "priceTarget": 286.33
  },
  "CRWD": {
    "industry": "\u8edf\u9ad4",
    "marketcap": 132333664425.0,
    "enterpriseValue": 128171756425.0,
    "earningsdate": "Nov 25 2025",
    "exdivdate": null,
    "sharesOutClass": 250955140.0,
    "sharesout": 250955140.0,
    "sharesgrowthyoy": -0.237,
    "sharesgrowthqoq": 0.595,
    "float": 246375934.0,
    "pe": null,
    "peForward": 124.804,
    "ps": 30.09,
    "psForward": 24.606,
    "pb": 35.208,
    "pegRatio": 5.655,
    "evEarnings": null,
    "evSales": 29.53,
    "evEbitda": null,
    "evEbit": null,
    "evFcf": 115.82,
    "currentRatio": 1.88,
    "quickRatio": 1.686,
    "debtEquity": 0.21,
    "debtEbitda": null,
    "debtFcf": 0.73,
    "interestCoverage": -10.111,
    "assetturnover": 0.526,
    "inventoryturnover": null,
    "shortInterest": 6623545.0,
    "shortShares": 2.639,
    "shortFloat": 2.688,
    "revenue": 4341102000.0,
    "gp": 3219507000.0,
    "opinc": -270854000.0,
    "pretax": -218562000.0,
    "netinc": -296986000.0,
    "ebitda": -91371000.0,
    "ebit": -270854000.0,
    "debt": 810528000.0,
    "workingcapital": 3058416000.0,
    "ncfo": 1388797000.0,
    "capex": -282163000.0,
    "fcf": 1106634000.0,
    "grossMargin": 74.163,
    "operatingMargin": -6.239,
    "pretaxMargin": -5.035,
    "profitMargin": -6.841,
    "ebitdaMargin": -2.105,
    "ebitMargin": -6.239,
    "fcfMargin": 25.492,
    "dividendYield": null,
    "dividendGrowthYears": null,
    "payoutRatio": null,
    "buybackYield": 0.237,
    "earningsYield": -0.224,
    "fcfYield": 0.836,
    "priceTarget": 493.76
  },
  "APP": {
    "industry": "\u8edf\u9ad4",
    "marketcap": 209714946680.0,
    "enterpriseValue": 212033296680.0,
    "earningsdate": "Nov 5 2025",
    "exdivdate": null,
    "sharesOutClass": 307636373.0,
    "sharesout": 338249914.0,
    "sharesgrowthyoy": -1.38,
    "sharesgrowthqoq": -0.774,
    "float": 242893992.0,
    "pe": 85.2,
    "peForward": 52.853,
    "ps": 36.593,
    "psForward": 33.544,
    "pb": 179.968,
    "pegRatio": 1.027,
    "evEarnings": 87.32,
    "evSales": 36.96,
    "evEbitda": 61.81,
    "evEbit": 72.52,
    "evFcf": 73.23,
    "currentRatio": 2.736,
    "quickRatio": 2.536,
    "debtEquity": 3.01,
    "debtEbitda": 1.02,
    "debtFcf": 1.21,
    "interestCoverage": 10.662,
    "assetturnover": 1.022,
    "inventoryturnover": null,
    "shortInterest": 21858209.0,
    "shortShares": 6.462,
    "shortFloat": 8.999,
    "revenue": 5737591000.0,
    "gp": 4510330000.0,
    "opinc": 2923685000.0,
    "pretax": 2645129000.0,
    "netinc": 2428259000.0,
    "ebitda": 3430494000.0,
    "ebit": 2923685000.0,
    "debt": 3510958000.0,
    "workingcapital": 1898804000.0,
    "ncfo": 2900024000.0,
    "capex": -4776000.0,
    "fcf": 2895248000.0,
    "grossMargin": 78.61,
    "operatingMargin": 50.957,
    "pretaxMargin": 46.102,
    "profitMargin": 42.345,
    "ebitdaMargin": 59.79,
    "ebitMargin": 50.957,
    "fcfMargin": 50.461,
    "dividendYield": null,
    "dividendGrowthYears": null,
    "payoutRatio": null,
    "buybackYield": 1.38,
    "earningsYield": 1.158,
    "fcfYield": 1.381,
    "priceTarget": 603.15
  },
  "FTNT": {
    "industry": "\u8edf\u9ad4",
    "marketcap": 65561721783.0,
    "enterpriseValue": 62087521783.0,
    "earningsdate": "Nov 5 2025",
    "exdivdate": null,
    "sharesOutClass": 766266033.0,
    "sharesout": 766266033.0,
    "sharesgrowthyoy": -0.226,
    "sharesgrowthqoq": -0.528,
    "float": 649011399.0,
    "pe": 34.105,
    "peForward": 33.012,
    "ps": 10.345,
    "psForward": 9.014,
    "pb": 31.792,
    "pegRatio": 2.423,
    "evEarnings": 32.01,
    "evSales": 9.8,
    "evEbitda": 29.76,
    "evEbit": 31.89,
    "evFcf": 30.54,
    "currentRatio": 1.328,
    "quickRatio": 1.21,
    "debtEquity": 0.53,
    "debtEbitda": 0.51,
    "debtFcf": 0.54,
    "interestCoverage": 100.356,
    "assetturnover": 0.678,
    "inventoryturnover": 3.008,
    "shortInterest": 20862566.0,
    "shortShares": 2.723,
    "shortFloat": 3.215,
    "revenue": 6337900000.0,
    "gp": 5152000000.0,
    "opinc": 1946900000.0,
    "pretax": 2281100000.0,
    "netinc": 1939600000.0,
    "ebitda": 2086000000.0,
    "ebit": 1946900000.0,
    "debt": 1088700000.0,
    "workingcapital": 1569200000.0,
    "ncfo": 2400900000.0,
    "capex": -368200000.0,
    "fcf": 2032700000.0,
    "grossMargin": 81.289,
    "operatingMargin": 30.718,
    "pretaxMargin": 35.991,
    "profitMargin": 30.603,
    "ebitdaMargin": 32.913,
    "ebitMargin": 30.718,
    "fcfMargin": 32.072,
    "dividendYield": null,
    "dividendGrowthYears": null,
    "payoutRatio": null,
    "buybackYield": 0.226,
    "earningsYield": 2.958,
    "fcfYield": 3.1,
    "priceTarget": 94.57
  },
  "SNAP": {
    "industry": "\u8edf\u9ad4",
    "marketcap": 13434168900.0,
    "enterpriseValue": 14733118900.0,
    "earningsdate": "Nov 5 2025",
    "exdivdate": null,
    "sharesOutClass": 1435682333.0,
    "sharesout": 1689832566.0,
    "sharesgrowthyoy": 2.412,
    "sharesgrowthqoq": -1.267,
    "float": 1095267454.0,
    "pe": null,
    "peForward": 28.023,
    "ps": 2.367,
    "psForward": 2.134,
    "pb": 6.463,
    "pegRatio": 0.951,
    "evEarnings": null,
    "evSales": 2.61,
    "evEbitda": null,
    "evEbit": null,
    "evFcf": 37.55,
    "currentRatio": 3.884,
    "quickRatio": 3.679,
    "debtEquity": 2.03,
    "debtEbitda": null,
    "debtFcf": 10.68,
    "interestCoverage": -10.424,
    "assetturnover": 0.761,
    "inventoryturnover": null,
    "shortInterest": 79165337.0,
    "shortShares": 4.685,
    "shortFloat": 7.228,
    "revenue": 5638004000.0,
    "gp": 3034525000.0,
    "opinc": -653609000.0,
    "pretax": -516715000.0,
    "netinc": -546303000.0,
    "ebitda": -500640000.0,
    "ebit": -653609000.0,
    "debt": 4191995000.0,
    "workingcapital": 3181154000.0,
    "ncfo": 586609000.0,
    "capex": -194231000.0,
    "fcf": 392378000.0,
    "grossMargin": 53.823,
    "operatingMargin": -11.593,
    "pretaxMargin": -9.165,
    "profitMargin": -9.69,
    "ebitdaMargin": -8.88,
    "ebitMargin": -11.593,
    "fcfMargin": 6.96,
    "dividendYield": null,
    "dividendGrowthYears": null,
    "payoutRatio": null,
    "buybackYield": -2.412,
    "earningsYield": -4.067,
    "fcfYield": 2.921,
    "priceTarget": 9.97
  },
  "ZS": {
    "industry": "\u8edf\u9ad4",
    "marketcap": 51131165829.0,
    "enterpriseValue": 49355332829.0,
    "earningsdate": "Dec 1 2025",
    "exdivdate": null,
    "sharesOutClass": 158300823.0,
    "sharesout": 158300823.0,
    "sharesgrowthyoy": 3.221,
    "sharesgrowthqoq": 1.024,
    "float": 101588937.0,
    "pe": null,
    "peForward": 87.833,
    "ps": 18.657,
    "psForward": 15.144,
    "pb": 28.418,
    "pegRatio": 3.817,
    "evEarnings": null,
    "evSales": 18.46,
    "evEbitda": null,
    "evEbit": null,
    "evFcf": 61.07,
    "currentRatio": 2.014,
    "quickRatio": 1.886,
    "debtEquity": 1.0,
    "debtEbitda": 83.7,
    "debtFcf": 2.22,
    "interestCoverage": -12.836,
    "assetturnover": 0.481,
    "inventoryturnover": null,
    "shortInterest": 5673655.0,
    "shortShares": 3.584,
    "shortFloat": 5.585,
    "revenue": 2673115000.0,
    "gp": 2057928000.0,
    "opinc": -122223000.0,
    "pretax": -18291000.0,
    "netinc": -41478000.0,
    "ebitda": -77763000.0,
    "ebit": -122223000.0,
    "debt": 1796576000.0,
    "workingcapital": 2464679000.0,
    "ncfo": 972453000.0,
    "capex": -164252000.0,
    "fcf": 808201000.0,
    "grossMargin": 76.986,
    "operatingMargin": -4.572,
    "pretaxMargin": -0.684,
    "profitMargin": -1.552,
    "ebitdaMargin": -2.909,
    "ebitMargin": -4.572,
    "fcfMargin": 30.234,
    "dividendYield": null,
    "dividendGrowthYears": null,
    "payoutRatio": null,
    "buybackYield": -3.221,
    "earningsYield": -0.081,
    "fcfYield": 1.581,
    "priceTarget": 316.9
  },
  "AKAM": {
    "industry": "\u8edf\u9ad4",
    "marketcap": 10761083876.0,
    "enterpriseValue": 14474325876.0,
    "earningsdate": "Nov 6 2025",
    "exdivdate": null,
    "sharesOutClass": 143385528.0,
    "sharesout": 143385528.0,
    "sharesgrowthyoy": -3.276,
    "sharesgrowthqoq": -3.849,
    "float": 140151333.0,
    "pe": 26.605,
    "peForward": 11.205,
    "ps": 2.736,
    "psForward": 2.477,
    "pb": 2.496,
    "pegRatio": 1.273,
    "evEarnings": 34.09,
    "evSales": 3.54,
    "evEbitda": 12.58,
    "evEbit": 23.04,
    "evFcf": 17.66,
    "currentRatio": 2.31,
    "quickRatio": 1.983,
    "debtEquity": 1.18,
    "debtEbitda": 3.44,
    "debtFcf": 6.43,
    "interestCoverage": 22.105,
    "assetturnover": 0.396,
    "inventoryturnover": null,
    "shortInterest": 10086433.0,
    "shortShares": 7.034,
    "shortFloat": 7.197,
    "revenue": 4083251000.0,
    "gp": 2414609000.0,
    "opinc": 628237000.0,
    "pretax": 557236000.0,
    "netinc": 424601000.0,
    "ebitda": 1150509000.0,
    "ebit": 628237000.0,
    "debt": 5271115000.0,
    "workingcapital": 1153308000.0,
    "ncfo": 1446679000.0,
    "capex": -626969000.0,
    "fcf": 819710000.0,
    "grossMargin": 59.134,
    "operatingMargin": 15.386,
    "pretaxMargin": 13.647,
    "profitMargin": 10.399,
    "ebitdaMargin": 28.176,
    "ebitMargin": 15.386,
    "fcfMargin": 20.075,
    "dividendYield": null,
    "dividendGrowthYears": null,
    "payoutRatio": null,
    "buybackYield": 3.276,
    "earningsYield": 3.946,
    "fcfYield": 7.617,
    "priceTarget": 94.0
  },
  "RDDT": {
    "industry": "\u8edf\u9ad4",
    "marketcap": 40092027557.0,
    "enterpriseValue": 38057269557.0,
    "earningsdate": "Oct 30 2025",
    "exdivdate": null,
    "sharesOutClass": 134600669.0,
    "sharesout": 187170997.0,
    "sharesgrowthyoy": 111.149,
    "sharesgrowthqoq": -0.871,
    "float": 124120194.0,
    "pe": 185.303,
    "peForward": 86.507,
    "ps": 22.945,
    "psForward": 16.444,
    "pb": 16.787,
    "pegRatio": 1.881,
    "evEarnings": 175.91,
    "evSales": 22.82,
    "evEbitda": 258.25,
    "evEbit": 289.76,
    "evFcf": 95.9,
    "currentRatio": 12.0,
    "quickRatio": 11.873,
    "debtEquity": 0.01,
    "debtEbitda": 0.16,
    "debtFcf": 0.06,
    "interestCoverage": null,
    "assetturnover": 0.709,
    "inventoryturnover": null,
    "shortInterest": 19100430.0,
    "shortShares": 10.205,
    "shortFloat": 15.389,
    "revenue": 1668046000.0,
    "gp": 1518579000.0,
    "opinc": 131340000.0,
    "pretax": 213104000.0,
    "netinc": 216344000.0,
    "ebitda": 147367000.0,
    "ebit": 131340000.0,
    "debt": 25183000.0,
    "workingcapital": 2319099000.0,
    "ncfo": 400528000.0,
    "capex": -3679000.0,
    "fcf": 396849000.0,
    "grossMargin": 91.039,
    "operatingMargin": 7.874,
    "pretaxMargin": 12.776,
    "profitMargin": 12.97,
    "ebitdaMargin": 8.835,
    "ebitMargin": 7.874,
    "fcfMargin": 23.791,
    "dividendYield": null,
    "dividendGrowthYears": null,
    "payoutRatio": null,
    "buybackYield": -111.149,
    "earningsYield": 0.54,
    "fcfYield": 0.99,
    "priceTarget": 212.36
  },
  "NET": {
    "industry": "\u8edf\u9ad4",
    "marketcap": 75916713728.0,
    "enterpriseValue": 75419106728.0,
    "earningsdate": "Oct 30 2025",
    "exdivdate": null,
    "sharesOutClass": 312872178.0,
    "sharesout": 348481587.0,
    "sharesgrowthyoy": 2.121,
    "sharesgrowthqoq": 0.511,
    "float": 310727661.0,
    "pe": null,
    "peForward": 217.047,
    "ps": 39.936,
    "psForward": 31.639,
    "pb": 61.225,
    "pegRatio": 9.043,
    "evEarnings": null,
    "evSales": 40.09,
    "evEbitda": null,
    "evEbit": null,
    "evFcf": 361.77,
    "currentRatio": 5.137,
    "quickRatio": 5.001,
    "debtEquity": 2.79,
    "debtEbitda": null,
    "debtFcf": 16.61,
    "interestCoverage": -31.706,
    "assetturnover": 0.444,
    "inventoryturnover": null,
    "shortInterest": 9518242.0,
    "shortShares": 2.731,
    "shortFloat": 3.063,
    "revenue": 1881431000.0,
    "gp": 1432525000.0,
    "opinc": -185322000.0,
    "pretax": -107713000.0,
    "netinc": -117079000.0,
    "ebitda": -58179000.0,
    "ebit": -185322000.0,
    "debt": 3462113000.0,
    "workingcapital": 3548238000.0,
    "ncfo": 477615000.0,
    "capex": -269142000.0,
    "fcf": 208473000.0,
    "grossMargin": 76.14,
    "operatingMargin": -9.85,
    "pretaxMargin": -5.725,
    "profitMargin": -6.223,
    "ebitdaMargin": -3.092,
    "ebitMargin": -9.85,
    "fcfMargin": 11.081,
    "dividendYield": null,
    "dividendGrowthYears": null,
    "payoutRatio": null,
    "buybackYield": -2.121,
    "earningsYield": -0.154,
    "fcfYield": 0.275,
    "priceTarget": 199.04
  },
  "CHKP": {
    "industry": "\u8edf\u9ad4",
    "marketcap": 20611636224.0,
    "enterpriseValue": 17698236224.0,
    "earningsdate": "Oct 28 2025",
    "exdivdate": null,
    "sharesOutClass": 107352272.0,
    "sharesout": 107352272.0,
    "sharesgrowthyoy": -2.86,
    "sharesgrowthqoq": -0.898,
    "float": 82082314.0,
    "pe": 25.0,
    "peForward": 18.602,
    "ps": 7.89,
    "psForward": 7.247,
    "pb": 7.254,
    "pegRatio": 2.841,
    "evEarnings": 20.62,
    "evSales": 6.7,
    "evEbitda": 18.89,
    "evEbit": 20.3,
    "evFcf": 15.39,
    "currentRatio": 1.191,
    "quickRatio": 1.132,
    "debtEquity": null,
    "debtEbitda": null,
    "debtFcf": null,
    "interestCoverage": 484.389,
    "assetturnover": 0.469,
    "inventoryturnover": null,
    "shortInterest": 3127237.0,
    "shortShares": 3.81,
    "shortFloat": null,
    "revenue": 2641800000.0,
    "gp": 2325100000.0,
    "opinc": 871900000.0,
    "pretax": 977500000.0,
    "netinc": 858100000.0,
    "ebitda": 936900000.0,
    "ebit": 871900000.0,
    "debt": null,
    "workingcapital": 336900000.0,
    "ncfo": 1174700000.0,
    "capex": -24800000.0,
    "fcf": 1149900000.0,
    "grossMargin": 88.012,
    "operatingMargin": 33.004,
    "pretaxMargin": 37.001,
    "profitMargin": 32.482,
    "ebitdaMargin": 35.464,
    "ebitMargin": 33.004,
    "fcfMargin": 43.527,
    "dividendYield": null,
    "dividendGrowthYears": null,
    "payoutRatio": null,
    "buybackYield": 2.86,
    "earningsYield": 4.163,
    "fcfYield": 5.579,
    "priceTarget": 227.3
  },
  "GEN": {
    "industry": "\u8edf\u9ad4",
    "marketcap": 16763957256.0,
    "enterpriseValue": 24868957256.0,
    "earningsdate": "Nov 6 2025",
    "exdivdate": "Aug 18 2025",
    "sharesOutClass": 615869113.0,
    "sharesout": 615869113.0,
    "sharesgrowthyoy": -2.312,
    "sharesgrowthqoq": null,
    "float": 471370090.0,
    "pe": 28.361,
    "peForward": 10.524,
    "ps": 3.967,
    "psForward": 3.431,
    "pb": 7.09,
    "pegRatio": 0.846,
    "evEarnings": 41.66,
    "evSales": 5.88,
    "evEbitda": 12.97,
    "evEbit": 14.49,
    "evFcf": 18.44,
    "currentRatio": 0.5,
    "quickRatio": 0.399,
    "debtEquity": 3.78,
    "debtEbitda": 4.6,
    "debtFcf": 6.62,
    "interestCoverage": 2.954,
    "assetturnover": 0.266,
    "inventoryturnover": null,
    "shortInterest": 14926874.0,
    "shortShares": 2.424,
    "shortFloat": 3.167,
    "revenue": 4227000000.0,
    "gp": 3374000000.0,
    "opinc": 1716000000.0,
    "pretax": 1053000000.0,
    "netinc": 597000000.0,
    "ebitda": 1917000000.0,
    "ebit": 1716000000.0,
    "debt": 8933000000.0,
    "workingcapital": -1430000000.0,
    "ncfo": 1366000000.0,
    "capex": -17000000.0,
    "fcf": 1349000000.0,
    "grossMargin": 79.82,
    "operatingMargin": 40.596,
    "pretaxMargin": 24.911,
    "profitMargin": 14.123,
    "ebitdaMargin": 45.351,
    "ebitMargin": 40.596,
    "fcfMargin": 31.914,
    "dividendYield": 1.837,
    "dividendGrowthYears": null,
    "payoutRatio": 52.096,
    "buybackYield": 2.312,
    "earningsYield": 3.561,
    "fcfYield": 8.047,
    "priceTarget": 35.71
  }
}