{
  "MSFT": {
    "industry": "\u5927\u79d1\u6280",
    "marketcap": 3848559473536.0,
    "enterpriseValue": 3866922473536.0,
    "earningsdate": "Oct 29 2025",
    "exdivdate": "Nov 20 2025",
    "sharesOutClass": 7432377655.0,
    "sharesout": 7432377655.0,
    "sharesgrowthyoy": -0.094,
    "sharesgrowthqoq": 0.067,
    "float": 7421446054.0,
    "pe": 36.828,
    "peForward": 30.969,
    "ps": 13.1,
    "psForward": 11.319,
    "pb": 10.602,
    "pegRatio": 2.301,
    "evEarnings": 36.86,
    "evSales": 13.16,
    "evEbitda": 23.23,
    "evEbit": 28.45,
    "evFcf": 49.57,
    "currentRatio": 1.401,
    "quickRatio": 1.254,
    "debtEquity": 0.33,
    "debtEbitda": 0.7,
    "debtFcf": 1.54,
    "interestCoverage": 53.561,
    "assetturnover": 0.507,
    "inventoryturnover": 66.6,
    "shortInterest": 52344880.0,
    "shortShares": 0.704,
    "shortFloat": 0.705,
    "revenue": 293812000000.0,
    "gp": 202037000000.0,
    "opinc": 135937000000.0,
    "pretax": 127659000000.0,
    "netinc": 104912000000.0,
    "ebitda": 166437000000.0,
    "ebit": 135937000000.0,
    "debt": 120375000000.0,
    "workingcapital": 54070000000.0,
    "ncfo": 147039000000.0,
    "capex": -69022000000.0,
    "fcf": 78017000000.0,
    "grossMargin": 68.764,
    "operatingMargin": 46.267,
    "pretaxMargin": 43.449,
    "profitMargin": 35.707,
    "ebitdaMargin": 56.647,
    "ebitMargin": 46.267,
    "fcfMargin": 26.553,
    "dividendYield": 0.703,
    "dividendGrowthYears": 19.0,
    "payoutRatio": 24.182,
    "buybackYield": 0.094,
    "earningsYield": 2.726,
    "fcfYield": 2.027,
    "priceTarget": 633.06,
    "revenue5y": 12.91,
    "eps5y": 15.23,
    "currentPrice": 517.81
  },
  "ADBE": {
    "industry": "\u5927\u79d1\u6280",
    "marketcap": 142453766000.0,
    "enterpriseValue": 143163766000.0,
    "earningsdate": "Dec 10 2025",
    "exdivdate": null,
    "sharesOutClass": 418600000.0,
    "sharesout": 418600000.0,
    "sharesgrowthyoy": -4.421,
    "sharesgrowthqoq": -1.119,
    "float": 417362004.0,
    "pe": 21.208,
    "peForward": 14.918,
    "ps": 6.346,
    "psForward": 5.517,
    "pb": 12.144,
    "pegRatio": 1.039,
    "evEarnings": 20.58,
    "evSales": 6.18,
    "evEbitda": 15.8,
    "evEbit": 16.88,
    "evFcf": 14.91,
    "currentRatio": 1.019,
    "quickRatio": 0.87,
    "debtEquity": 0.57,
    "debtEbitda": 0.73,
    "debtFcf": 0.69,
    "interestCoverage": 34.332,
    "assetturnover": 0.791,
    "inventoryturnover": null,
    "shortInterest": 11532326.0,
    "shortShares": 2.755,
    "shortFloat": 2.763,
    "revenue": 23181000000.0,
    "gp": 20663000000.0,
    "opinc": 8480000000.0,
    "pretax": 8461000000.0,
    "netinc": 6957000000.0,
    "ebitda": 9060000000.0,
    "ebit": 8480000000.0,
    "debt": 6655000000.0,
    "workingcapital": 173000000.0,
    "ncfo": 9792000000.0,
    "capex": -193000000.0,
    "fcf": 9599000000.0,
    "grossMargin": 89.138,
    "operatingMargin": 36.582,
    "pretaxMargin": 36.5,
    "profitMargin": 30.012,
    "ebitdaMargin": 39.084,
    "ebitMargin": 36.582,
    "fcfMargin": 41.409,
    "dividendYield": null,
    "dividendGrowthYears": null,
    "payoutRatio": null,
    "buybackYield": 4.421,
    "earningsYield": 4.884,
    "fcfYield": 6.738,
    "priceTarget": 457.48,
    "revenue5y": 8.98,
    "eps5y": 17.25,
    "currentPrice": 340.31
  },
  "AMZN": {
    "industry": "\u5927\u79d1\u6280",
    "marketcap": 2610764554206.0,
    "enterpriseValue": 2677005554206.0,
    "earningsdate": "Oct 30 2025",
    "exdivdate": null,
    "sharesOutClass": 10690216011.0,
    "sharesout": 10690216011.0,
    "sharesgrowthyoy": 1.14,
    "sharesgrowthqoq": 0.361,
    "float": 9603732948.0,
    "pe": 34.51,
    "peForward": 31.695,
    "ps": 3.75,
    "psForward": 3.366,
    "pb": 7.061,
    "pegRatio": 1.672,
    "evEarnings": 35.0,
    "evSales": 3.87,
    "evEbitda": 19.16,
    "evEbit": 34.01,
    "evFcf": 253.5,
    "currentRatio": 1.009,
    "quickRatio": 0.76,
    "debtEquity": 0.43,
    "debtEbitda": 1.03,
    "debtFcf": 15.19,
    "interestCoverage": 36.352,
    "assetturnover": 1.053,
    "inventoryturnover": 8.901,
    "shortInterest": 74507966.0,
    "shortShares": 0.697,
    "shortFloat": 0.776,
    "revenue": 691330000000.0,
    "gp": 345982000000.0,
    "opinc": 78701000000.0,
    "pretax": 92948000000.0,
    "netinc": 76482000000.0,
    "ebitda": 139697000000.0,
    "ebit": 78701000000.0,
    "debt": 160438000000.0,
    "workingcapital": 1670000000.0,
    "ncfo": 130691000000.0,
    "capex": -120131000000.0,
    "fcf": 10560000000.0,
    "grossMargin": 50.046,
    "operatingMargin": 11.384,
    "pretaxMargin": 13.445,
    "profitMargin": 11.063,
    "ebitdaMargin": 20.207,
    "ebitMargin": 11.384,
    "fcfMargin": 1.527,
    "dividendYield": null,
    "dividendGrowthYears": null,
    "payoutRatio": null,
    "buybackYield": -1.14,
    "earningsYield": 2.929,
    "fcfYield": 0.404,
    "priceTarget": 279.83,
    "revenue5y": 10.61,
    "eps5y": 19.37,
    "currentPrice": 244.22
  },
  "META": {
    "industry": "\u5927\u79d1\u6280",
    "marketcap": 1634184067515.0,
    "enterpriseValue": 1640796067515.0,
    "earningsdate": "Oct 29 2025",
    "exdivdate": "Sep 22 2025",
    "sharesOutClass": 2177889269.0,
    "sharesout": 2520527597.0,
    "sharesgrowthyoy": -1.401,
    "sharesgrowthqoq": 0.078,
    "float": 2164472201.0,
    "pe": 28.646,
    "peForward": 21.84,
    "ps": 8.631,
    "psForward": 7.311,
    "pb": 8.422,
    "pegRatio": 1.413,
    "evEarnings": 28.03,
    "evSales": 8.66,
    "evEbitda": 16.67,
    "evEbit": 20.32,
    "evFcf": 36.59,
    "currentRatio": 1.978,
    "quickRatio": 1.671,
    "debtEquity": 0.26,
    "debtEbitda": 0.5,
    "debtFcf": 1.14,
    "interestCoverage": 84.098,
    "assetturnover": 0.676,
    "inventoryturnover": null,
    "shortInterest": 24531229.0,
    "shortShares": 0.973,
    "shortFloat": 1.133,
    "revenue": 189458000000.0,
    "gp": 155381000000.0,
    "opinc": 80734000000.0,
    "pretax": 84130000000.0,
    "netinc": 58528000000.0,
    "ebitda": 98399000000.0,
    "ebit": 80734000000.0,
    "debt": 51060000000.0,
    "workingcapital": 36160000000.0,
    "ncfo": 107574000000.0,
    "capex": -62733000000.0,
    "fcf": 44841000000.0,
    "grossMargin": 82.013,
    "operatingMargin": 42.613,
    "pretaxMargin": 44.406,
    "profitMargin": 30.892,
    "ebitdaMargin": 51.937,
    "ebitMargin": 42.613,
    "fcfMargin": 23.668,
    "dividendYield": 0.324,
    "dividendGrowthYears": 1.0,
    "payoutRatio": 9.279,
    "buybackYield": 1.401,
    "earningsYield": 3.581,
    "fcfYield": 2.744,
    "priceTarget": 820.56,
    "revenue5y": 14.9,
    "eps5y": 13.89,
    "currentPrice": 648.35
  },
  "TSLA": {
    "industry": "\u5927\u79d1\u6280",
    "marketcap": 1518435998886.0,
    "enterpriseValue": 1490576998886.0,
    "earningsdate": "Oct 22 2025",
    "exdivdate": null,
    "sharesOutClass": 3325819167.0,
    "sharesout": 3325819167.0,
    "sharesgrowthyoy": 0.931,
    "sharesgrowthqoq": 0.199,
    "float": 2809406047.0,
    "pe": 298.964,
    "peForward": 222.506,
    "ps": 15.374,
    "psForward": 14.866,
    "pb": 18.977,
    "pegRatio": 10.137,
    "evEarnings": 293.48,
    "evSales": 15.59,
    "evEbitda": 138.43,
    "evEbit": 312.69,
    "evFcf": 218.11,
    "currentRatio": 2.066,
    "quickRatio": 1.486,
    "debtEquity": 0.17,
    "debtEbitda": 1.1,
    "debtFcf": 2.02,
    "interestCoverage": 13.659,
    "assetturnover": 0.754,
    "inventoryturnover": 5.922,
    "shortInterest": 72686353.0,
    "shortShares": 2.186,
    "shortFloat": 2.587,
    "revenue": 95633000000.0,
    "gp": 16264000000.0,
    "opinc": 4767000000.0,
    "pretax": 6621000000.0,
    "netinc": 5079000000.0,
    "ebitda": 10768000000.0,
    "ebit": 4767000000.0,
    "debt": 13788000000.0,
    "workingcapital": 33363000000.0,
    "ncfo": 15748000000.0,
    "capex": -8914000000.0,
    "fcf": 6834000000.0,
    "grossMargin": 17.007,
    "operatingMargin": 4.985,
    "pretaxMargin": 6.923,
    "profitMargin": 5.314,
    "ebitdaMargin": 11.26,
    "ebitMargin": 4.985,
    "fcfMargin": 7.146,
    "dividendYield": null,
    "dividendGrowthYears": null,
    "payoutRatio": null,
    "buybackYield": -0.931,
    "earningsYield": 0.334,
    "fcfYield": 0.45,
    "priceTarget": 379.18,
    "revenue5y": 18.23,
    "eps5y": 36.43,
    "currentPrice": 456.56
  },
  "NFLX": {
    "industry": "\u5927\u79d1\u6280",
    "marketcap": 474097159219.0,
    "enterpriseValue": 481856305219.0,
    "earningsdate": "Oct 21 2025",
    "exdivdate": null,
    "sharesOutClass": 423732334.0,
    "sharesout": 423732334.0,
    "sharesgrowthyoy": -1.116,
    "sharesgrowthqoq": -0.194,
    "float": 420791150.0,
    "pe": 46.761,
    "peForward": 36.393,
    "ps": 10.992,
    "psForward": 9.36,
    "pb": 18.267,
    "pegRatio": 1.49,
    "evEarnings": 46.19,
    "evSales": 11.11,
    "evEbitda": 37.15,
    "evEbit": 38.11,
    "evFcf": 53.74,
    "currentRatio": 1.332,
    "quickRatio": 1.132,
    "debtEquity": 0.66,
    "debtEbitda": 1.25,
    "debtFcf": 1.91,
    "interestCoverage": 17.208,
    "assetturnover": 0.809,
    "inventoryturnover": null,
    "shortInterest": 6050487.0,
    "shortShares": 1.428,
    "shortFloat": 1.438,
    "revenue": 43378787000.0,
    "gp": 20858715000.0,
    "opinc": 12642706000.0,
    "pretax": 12089079000.0,
    "netinc": 10431287000.0,
    "ebitda": 12969651000.0,
    "ebit": 12642706000.0,
    "debt": 17083538000.0,
    "workingcapital": 3231076000.0,
    "ncfo": 9574525000.0,
    "capex": -607559000.0,
    "fcf": 8966966000.0,
    "grossMargin": 48.085,
    "operatingMargin": 29.145,
    "pretaxMargin": 27.869,
    "profitMargin": 24.047,
    "ebitdaMargin": 29.899,
    "ebitMargin": 29.145,
    "fcfMargin": 20.671,
    "dividendYield": null,
    "dividendGrowthYears": null,
    "payoutRatio": null,
    "buybackYield": 1.116,
    "earningsYield": 2.2,
    "fcfYield": 1.891,
    "priceTarget": 1342.1,
    "revenue5y": 12.4,
    "eps5y": 22.09,
    "currentPrice": 1118.86
  },
  "AAPL": {
    "industry": "\u5927\u79d1\u6280",
    "marketcap": 3995082560610.0,
    "enterpriseValue": 3975039560610.0,
    "earningsdate": "Oct 30 2025",
    "exdivdate": "Nov 10 2025",
    "sharesOutClass": 14776353000.0,
    "sharesout": 14776353000.0,
    "sharesgrowthyoy": -2.618,
    "sharesgrowthqoq": -0.566,
    "float": 14747116672.0,
    "pe": 36.243,
    "peForward": 32.921,
    "ps": 9.712,
    "psForward": 8.95,
    "pb": 54.172,
    "pegRatio": 3.188,
    "evEarnings": 35.49,
    "evSales": 9.55,
    "evEbitda": 27.46,
    "evEbit": 29.88,
    "evFcf": 40.25,
    "currentRatio": 0.893,
    "quickRatio": 0.771,
    "debtEquity": 1.52,
    "debtEbitda": 0.69,
    "debtFcf": 1.14,
    "interestCoverage": null,
    "assetturnover": 1.149,
    "inventoryturnover": 33.983,
    "shortInterest": 109135657.0,
    "shortShares": 0.739,
    "shortFloat": 0.74,
    "revenue": 416161000000.0,
    "gp": 195201000000.0,
    "opinc": 133050000000.0,
    "pretax": 132729000000.0,
    "netinc": 112010000000.0,
    "ebitda": 144748000000.0,
    "ebit": 133050000000.0,
    "debt": 112377000000.0,
    "workingcapital": -17674000000.0,
    "ncfo": 111482000000.0,
    "capex": -12715000000.0,
    "fcf": 98767000000.0,
    "grossMargin": 46.905,
    "operatingMargin": 31.971,
    "pretaxMargin": 31.894,
    "profitMargin": 26.915,
    "ebitdaMargin": 34.782,
    "ebitMargin": 31.971,
    "fcfMargin": 23.733,
    "dividendYield": 0.385,
    "dividendGrowthYears": 13.0,
    "payoutRatio": 13.807,
    "buybackYield": 2.618,
    "earningsYield": 2.804,
    "fcfYield": 2.472,
    "priceTarget": 270.63,
    "revenue5y": 6.07,
    "eps5y": 9.43,
    "currentPrice": 270.37
  },
  "GOOG": {
    "industry": "\u5927\u79d1\u6280",
    "marketcap": 3396526140000.0,
    "enterpriseValue": 3342225140000.0,
    "earningsdate": "Oct 29 2025",
    "exdivdate": "Sep 8 2025",
    "sharesOutClass": 5407000000.0,
    "sharesout": 5407000000.0,
    "sharesgrowthyoy": -2.012,
    "sharesgrowthqoq": 0.041,
    "float": 10814347191.0,
    "pe": 27.336,
    "peForward": 26.416,
    "ps": 8.811,
    "psForward": 7.715,
    "pb": 8.78,
    "pegRatio": null,
    "evEarnings": 26.9,
    "evSales": 8.67,
    "evEbitda": 23.02,
    "evEbit": 26.55,
    "evFcf": 45.44,
    "currentRatio": 1.747,
    "quickRatio": 1.563,
    "debtEquity": 0.11,
    "debtEbitda": 0.29,
    "debtFcf": 0.6,
    "interestCoverage": 256.36,
    "assetturnover": 0.797,
    "inventoryturnover": null,
    "shortInterest": 35835418.0,
    "shortShares": 0.663,
    "shortFloat": 0.331,
    "revenue": 385476000000.0,
    "gp": 228095000000.0,
    "opinc": 125873000000.0,
    "pretax": 151952000000.0,
    "netinc": 124251000000.0,
    "ebitda": 145174000000.0,
    "ebit": 125873000000.0,
    "debt": 44195000000.0,
    "workingcapital": 74397000000.0,
    "ncfo": 151424000000.0,
    "capex": -77872000000.0,
    "fcf": 73552000000.0,
    "grossMargin": 59.172,
    "operatingMargin": 32.654,
    "pretaxMargin": 39.419,
    "profitMargin": 32.233,
    "ebitdaMargin": 37.661,
    "ebitMargin": 32.654,
    "fcfMargin": 19.081,
    "dividendYield": 0.298,
    "dividendGrowthYears": 1.0,
    "payoutRatio": 8.288,
    "buybackYield": 2.012,
    "earningsYield": 3.658,
    "fcfYield": 2.166,
    "priceTarget": 295.08,
    "revenue5y": 11.97,
    "eps5y": 17.83,
    "currentPrice": 281.82
  },
  "RCL": {
    "industry": "\u822a\u7a7a\u90f5\u8f2a",
    "marketcap": 78222261759.0,
    "enterpriseValue": 98765261759.0,
    "earningsdate": "Oct 28 2025",
    "exdivdate": "Sep 25 2025",
    "sharesOutClass": 272712972.0,
    "sharesout": 272712972.0,
    "sharesgrowthyoy": -1.696,
    "sharesgrowthqoq": -0.364,
    "float": 258316016.0,
    "pe": 19.313,
    "peForward": 16.565,
    "ps": 4.441,
    "psForward": 4.011,
    "pb": 7.736,
    "pegRatio": 0.804,
    "evEarnings": 24.29,
    "evSales": 5.66,
    "evEbitda": 15.72,
    "evEbit": 21.43,
    "evFcf": 48.53,
    "currentRatio": 0.165,
    "quickRatio": 0.069,
    "debtEquity": 2.04,
    "debtEbitda": 3.21,
    "debtFcf": 10.31,
    "interestCoverage": 4.731,
    "assetturnover": 0.452,
    "inventoryturnover": 32.468,
    "shortInterest": 10558228.0,
    "shortShares": 3.872,
    "shortFloat": 4.087,
    "revenue": 17437000000.0,
    "gp": 8768000000.0,
    "opinc": 4608000000.0,
    "pretax": 4154000000.0,
    "netinc": 4066000000.0,
    "ebitda": 6283000000.0,
    "ebit": 4608000000.0,
    "debt": 20975000000.0,
    "workingcapital": -9582000000.0,
    "ncfo": 6309000000.0,
    "capex": -4274000000.0,
    "fcf": 2035000000.0,
    "grossMargin": 50.284,
    "operatingMargin": 26.427,
    "pretaxMargin": 23.823,
    "profitMargin": 23.318,
    "ebitdaMargin": 36.033,
    "ebitMargin": 26.427,
    "fcfMargin": 11.671,
    "dividendYield": 1.395,
    "dividendGrowthYears": 1.0,
    "payoutRatio": 20.536,
    "buybackYield": 1.696,
    "earningsYield": 5.198,
    "fcfYield": 2.602,
    "priceTarget": 334.21,
    "revenue5y": 8.73,
    "eps5y": 20.61,
    "currentPrice": 286.83
  },
  "BA": {
    "industry": "\u822a\u7a7a\u90f5\u8f2a",
    "marketcap": 152794390977.0,
    "enterpriseValue": 186222390977.0,
    "earningsdate": "Oct 29 2025",
    "exdivdate": null,
    "sharesOutClass": 760095468.0,
    "sharesout": 760095468.0,
    "sharesgrowthyoy": 22.544,
    "sharesgrowthqoq": 0.436,
    "float": 727818769.0,
    "pe": null,
    "peForward": 146.73,
    "ps": 1.873,
    "psForward": 1.584,
    "pb": null,
    "pegRatio": null,
    "evEarnings": null,
    "evSales": 2.31,
    "evEbitda": null,
    "evEbit": null,
    "evFcf": null,
    "currentRatio": 1.182,
    "quickRatio": 0.335,
    "debtEquity": null,
    "debtEbitda": null,
    "debtFcf": null,
    "interestCoverage": -2.818,
    "assetturnover": 0.561,
    "inventoryturnover": 0.963,
    "shortInterest": 13604624.0,
    "shortShares": 1.79,
    "shortFloat": 1.869,
    "revenue": 80757000000.0,
    "gp": 965000000.0,
    "opinc": -8080000000.0,
    "pretax": -9777000000.0,
    "netinc": -10167000000.0,
    "ebitda": -6154000000.0,
    "ebit": -8080000000.0,
    "debt": 55703000000.0,
    "workingcapital": 18808000000.0,
    "ncfo": -3716000000.0,
    "capex": -2634000000.0,
    "fcf": -6350000000.0,
    "grossMargin": 1.195,
    "operatingMargin": -10.005,
    "pretaxMargin": -12.107,
    "profitMargin": -12.197,
    "ebitdaMargin": -7.62,
    "ebitMargin": -10.005,
    "fcfMargin": null,
    "dividendYield": null,
    "dividendGrowthYears": null,
    "payoutRatio": null,
    "buybackYield": -22.544,
    "earningsYield": -6.654,
    "fcfYield": -4.156,
    "priceTarget": 241.41,
    "revenue5y": 15.56,
    "eps5y": null,
    "currentPrice": 201.02
  },
  "UAL": {
    "industry": "\u822a\u7a7a\u90f5\u8f2a",
    "marketcap": 30444320486.0,
    "enterpriseValue": 48437320486.0,
    "earningsdate": "Oct 15 2025",
    "exdivdate": null,
    "sharesOutClass": 323737989.0,
    "sharesout": 323737989.0,
    "sharesgrowthyoy": -0.916,
    "sharesgrowthqoq": -0.092,
    "float": 320970951.0,
    "pe": 9.417,
    "peForward": 7.539,
    "ps": 0.525,
    "psForward": 0.478,
    "pb": 2.128,
    "pegRatio": 0.824,
    "evEarnings": 14.7,
    "evSales": 0.83,
    "evEbitda": 5.99,
    "evEbit": 9.17,
    "evFcf": 13.06,
    "currentRatio": 0.667,
    "quickRatio": 0.581,
    "debtEquity": 2.19,
    "debtEbitda": 2.44,
    "debtFcf": 8.44,
    "interestCoverage": 4.361,
    "assetturnover": 0.784,
    "inventoryturnover": 23.735,
    "shortInterest": 13310656.0,
    "shortShares": 4.112,
    "shortFloat": 4.147,
    "revenue": 58369000000.0,
    "gp": 20073000000.0,
    "opinc": 5285000000.0,
    "pretax": 4288000000.0,
    "netinc": 3294000000.0,
    "ebitda": 8080000000.0,
    "ebit": 5285000000.0,
    "debt": 31322000000.0,
    "workingcapital": -9025000000.0,
    "ncfo": 9369000000.0,
    "capex": -5659000000.0,
    "fcf": 3710000000.0,
    "grossMargin": 34.39,
    "operatingMargin": 9.054,
    "pretaxMargin": 7.346,
    "profitMargin": 5.643,
    "ebitdaMargin": 13.843,
    "ebitMargin": 9.054,
    "fcfMargin": 6.356,
    "dividendYield": null,
    "dividendGrowthYears": null,
    "payoutRatio": null,
    "buybackYield": 0.916,
    "earningsYield": 10.82,
    "fcfYield": 12.186,
    "priceTarget": 125.77,
    "revenue5y": 2.96,
    "eps5y": 1.66,
    "currentPrice": 94.04
  },
  "LUV": {
    "industry": "\u822a\u7a7a\u90f5\u8f2a",
    "marketcap": 15669798924.0,
    "enterpriseValue": 17909798924.0,
    "earningsdate": "Oct 22 2025",
    "exdivdate": "Sep 3 2025",
    "sharesOutClass": 517155080.0,
    "sharesout": 517155080.0,
    "sharesgrowthyoy": -3.893,
    "sharesgrowthqoq": -2.773,
    "float": 459804160.0,
    "pe": 45.564,
    "peForward": 11.934,
    "ps": 0.616,
    "psForward": 0.523,
    "pb": 2.015,
    "pegRatio": 0.225,
    "evEarnings": 47.26,
    "evSales": 0.65,
    "evEbitda": 10.63,
    "evEbit": 49.75,
    "evFcf": null,
    "currentRatio": 0.491,
    "quickRatio": 0.376,
    "debtEquity": 0.68,
    "debtEbitda": 1.26,
    "debtFcf": null,
    "interestCoverage": 2.791,
    "assetturnover": 0.872,
    "inventoryturnover": 27.68,
    "shortInterest": 32527269.0,
    "shortShares": 6.29,
    "shortFloat": 7.074,
    "revenue": 27551000000.0,
    "gp": 5933000000.0,
    "opinc": 360000000.0,
    "pretax": 484000000.0,
    "netinc": 379000000.0,
    "ebitda": 1685000000.0,
    "ebit": 360000000.0,
    "debt": 5258000000.0,
    "workingcapital": -5599000000.0,
    "ncfo": 2023000000.0,
    "capex": -2274000000.0,
    "fcf": -251000000.0,
    "grossMargin": 21.535,
    "operatingMargin": 1.307,
    "pretaxMargin": 1.757,
    "profitMargin": 1.376,
    "ebitdaMargin": 6.116,
    "ebitMargin": 1.307,
    "fcfMargin": null,
    "dividendYield": 2.376,
    "dividendGrowthYears": null,
    "payoutRatio": 108.271,
    "buybackYield": 3.893,
    "earningsYield": 2.419,
    "fcfYield": -1.602,
    "priceTarget": 33.46,
    "revenue5y": 5.74,
    "eps5y": 54.57,
    "currentPrice": 30.3
  },
  "CCL": {
    "industry": "\u822a\u7a7a\u90f5\u8f2a",
    "marketcap": 37858075320.0,
    "enterpriseValue": 63955075320.0,
    "earningsdate": "Dec 19 2025",
    "exdivdate": null,
    "sharesOutClass": 1167541049.0,
    "sharesout": 1313148641.0,
    "sharesgrowthyoy": 2.658,
    "sharesgrowthqoq": 0.143,
    "float": 1223835038.0,
    "pe": 14.874,
    "peForward": 12.132,
    "ps": 1.437,
    "psForward": 1.372,
    "pb": 3.171,
    "pegRatio": 0.539,
    "evEarnings": 24.22,
    "evSales": 2.44,
    "evEbitda": 9.17,
    "evEbit": 15.03,
    "evFcf": 21.95,
    "currentRatio": 0.338,
    "quickRatio": 0.241,
    "debtEquity": 2.34,
    "debtEbitda": 3.73,
    "debtFcf": 9.56,
    "interestCoverage": 2.96,
    "assetturnover": 0.521,
    "inventoryturnover": 24.399,
    "shortInterest": 49932315.0,
    "shortShares": 3.802,
    "shortFloat": 4.08,
    "revenue": 26230000000.0,
    "gp": 14433000000.0,
    "opinc": 4254000000.0,
    "pretax": 2657000000.0,
    "netinc": 2641000000.0,
    "ebitda": 6977000000.0,
    "ebit": 4254000000.0,
    "debt": 27860000000.0,
    "workingcapital": -7568000000.0,
    "ncfo": 5611000000.0,
    "capex": -2697000000.0,
    "fcf": 2914000000.0,
    "grossMargin": 55.025,
    "operatingMargin": 16.218,
    "pretaxMargin": 10.13,
    "profitMargin": 10.069,
    "ebitdaMargin": 26.599,
    "ebitMargin": 16.218,
    "fcfMargin": 11.109,
    "dividendYield": null,
    "dividendGrowthYears": null,
    "payoutRatio": null,
    "buybackYield": -2.658,
    "earningsYield": 6.976,
    "fcfYield": 7.697,
    "priceTarget": 33.22,
    "revenue5y": null,
    "eps5y": 17.27,
    "currentPrice": 28.83
  },
  "ALK": {
    "industry": "\u822a\u7a7a\u90f5\u8f2a",
    "marketcap": 4808653811.0,
    "enterpriseValue": 9007653811.0,
    "earningsdate": "Oct 23 2025",
    "exdivdate": null,
    "sharesOutClass": 115232538.0,
    "sharesout": 115232538.0,
    "sharesgrowthyoy": -4.017,
    "sharesgrowthqoq": -2.836,
    "float": 114641494.0,
    "pe": 34.055,
    "peForward": 9.395,
    "ps": 0.357,
    "psForward": 0.319,
    "pb": 1.194,
    "pegRatio": null,
    "evEarnings": 60.05,
    "evSales": 0.64,
    "evEbitda": 6.75,
    "evEbit": 15.14,
    "evFcf": null,
    "currentRatio": 0.521,
    "quickRatio": 0.429,
    "debtEquity": 1.61,
    "debtEbitda": 2.64,
    "debtFcf": null,
    "interestCoverage": 2.717,
    "assetturnover": 0.715,
    "inventoryturnover": 51.652,
    "shortInterest": 8445202.0,
    "shortShares": 7.329,
    "shortFloat": 7.367,
    "revenue": 14141000000.0,
    "gp": 3010000000.0,
    "opinc": 595000000.0,
    "pretax": 195000000.0,
    "netinc": 150000000.0,
    "ebitda": 1334000000.0,
    "ebit": 595000000.0,
    "debt": 6471000000.0,
    "workingcapital": -3193000000.0,
    "ncfo": 1338000000.0,
    "capex": -1392000000.0,
    "fcf": -54000000.0,
    "grossMargin": 21.286,
    "operatingMargin": 4.208,
    "pretaxMargin": 1.379,
    "profitMargin": 1.061,
    "ebitdaMargin": 9.434,
    "ebitMargin": 4.208,
    "fcfMargin": null,
    "dividendYield": null,
    "dividendGrowthYears": null,
    "payoutRatio": null,
    "buybackYield": 4.017,
    "earningsYield": 3.119,
    "fcfYield": -1.123,
    "priceTarget": 72.82,
    "revenue5y": null,
    "eps5y": null,
    "currentPrice": 41.73
  },
  "DAL": {
    "industry": "\u822a\u7a7a\u90f5\u8f2a",
    "marketcap": 37218839948.0,
    "enterpriseValue": 55505839948.0,
    "earningsdate": "Oct 9 2025",
    "exdivdate": "Oct 16 2025",
    "sharesOutClass": 648637852.0,
    "sharesout": 648637852.0,
    "sharesgrowthyoy": 1.006,
    "sharesgrowthqoq": 0.307,
    "float": 645301572.0,
    "pe": 8.091,
    "peForward": 8.32,
    "ps": 0.59,
    "psForward": 0.605,
    "pb": 1.977,
    "pegRatio": 1.081,
    "evEarnings": 11.99,
    "evSales": 0.88,
    "evEbitda": 6.92,
    "evEbit": 9.43,
    "evFcf": 18.06,
    "currentRatio": 0.398,
    "quickRatio": 0.262,
    "debtEquity": 1.17,
    "debtEbitda": 1.78,
    "debtFcf": 7.18,
    "interestCoverage": 8.399,
    "assetturnover": 0.812,
    "inventoryturnover": 32.979,
    "shortInterest": 17653544.0,
    "shortShares": 2.722,
    "shortFloat": 2.736,
    "revenue": 62920000000.0,
    "gp": 13287000000.0,
    "opinc": 5888000000.0,
    "pretax": 5874000000.0,
    "netinc": 4629000000.0,
    "ebitda": 8022000000.0,
    "ebit": 5888000000.0,
    "debt": 22078000000.0,
    "workingcapital": -17019000000.0,
    "ncfo": 7976000000.0,
    "capex": -4902000000.0,
    "fcf": 3074000000.0,
    "grossMargin": 21.117,
    "operatingMargin": 9.358,
    "pretaxMargin": 9.336,
    "profitMargin": 7.357,
    "ebitdaMargin": 12.75,
    "ebitMargin": 9.358,
    "fcfMargin": 4.886,
    "dividendYield": 1.307,
    "dividendGrowthYears": 1.0,
    "payoutRatio": 9.518,
    "buybackYield": -1.006,
    "earningsYield": 12.437,
    "fcfYield": 8.259,
    "priceTarget": 73.86,
    "revenue5y": 1.5,
    "eps5y": -10.33,
    "currentPrice": 57.38
  },
  "AAL": {
    "industry": "\u822a\u7a7a\u90f5\u8f2a",
    "marketcap": 8666935679.0,
    "enterpriseValue": 37343935679.0,
    "earningsdate": "Oct 23 2025",
    "exdivdate": null,
    "sharesOutClass": 660086495.0,
    "sharesout": 660086495.0,
    "sharesgrowthyoy": 7.276,
    "sharesgrowthqoq": -0.001,
    "float": 650484699.0,
    "pe": 14.527,
    "peForward": 7.698,
    "ps": 0.159,
    "psForward": 0.15,
    "pb": null,
    "pegRatio": 1.415,
    "evEarnings": 62.03,
    "evSales": 0.69,
    "evEbitda": 8.1,
    "evEbit": 15.77,
    "evFcf": 42.34,
    "currentRatio": 0.538,
    "quickRatio": 0.382,
    "debtEquity": null,
    "debtEbitda": 3.84,
    "debtFcf": 40.89,
    "interestCoverage": 1.342,
    "assetturnover": 0.864,
    "inventoryturnover": 15.44,
    "shortInterest": 70591644.0,
    "shortShares": 10.694,
    "shortFloat": 10.852,
    "revenue": 54294000000.0,
    "gp": 12883000000.0,
    "opinc": 2368000000.0,
    "pretax": 843000000.0,
    "netinc": 602000000.0,
    "ebitda": 4613000000.0,
    "ebit": 2368000000.0,
    "debt": 36064000000.0,
    "workingcapital": -11388000000.0,
    "ncfo": 3771000000.0,
    "capex": -2889000000.0,
    "fcf": 882000000.0,
    "grossMargin": 23.728,
    "operatingMargin": 4.361,
    "pretaxMargin": 1.553,
    "profitMargin": 1.109,
    "ebitdaMargin": 8.496,
    "ebitMargin": 4.361,
    "fcfMargin": 1.624,
    "dividendYield": null,
    "dividendGrowthYears": null,
    "payoutRatio": null,
    "buybackYield": -7.276,
    "earningsYield": 6.946,
    "fcfYield": 10.177,
    "priceTarget": 15.33,
    "revenue5y": 3.37,
    "eps5y": null,
    "currentPrice": 13.13
  },
  "SOFI": {
    "industry": "\u9280\u884c",
    "marketcap": 35751627360.0,
    "enterpriseValue": 35312752360.0,
    "earningsdate": "Oct 28 2025",
    "exdivdate": null,
    "sharesOutClass": 1204569655.0,
    "sharesout": 1204569655.0,
    "sharesgrowthyoy": 16.338,
    "sharesgrowthqoq": 9.142,
    "float": 1184285231.0,
    "pe": 54.75,
    "peForward": 52.755,
    "ps": 10.068,
    "psForward": 8.732,
    "pb": 4.072,
    "pegRatio": 1.915,
    "evEarnings": 56.89,
    "evSales": 10.73,
    "evEbitda": null,
    "evEbit": null,
    "evFcf": null,
    "currentRatio": 1.147,
    "quickRatio": 0.491,
    "debtEquity": 0.32,
    "debtEbitda": null,
    "debtFcf": null,
    "interestCoverage": null,
    "assetturnover": 0.083,
    "inventoryturnover": null,
    "shortInterest": 100293155.0,
    "shortShares": 8.326,
    "shortFloat": 8.469,
    "revenue": 3290639000.0,
    "gp": 2715104000.0,
    "opinc": 401064000.0,
    "pretax": 400449000.0,
    "netinc": 620715000.0,
    "ebitda": null,
    "ebit": null,
    "debt": 2807476000.0,
    "workingcapital": 4939723000.0,
    "ncfo": null,
    "capex": null,
    "fcf": null,
    "grossMargin": 82.51,
    "operatingMargin": 12.188,
    "pretaxMargin": 12.169,
    "profitMargin": 19.457,
    "ebitdaMargin": null,
    "ebitMargin": null,
    "fcfMargin": null,
    "dividendYield": null,
    "dividendGrowthYears": null,
    "payoutRatio": null,
    "buybackYield": -16.338,
    "earningsYield": 1.736,
    "fcfYield": null,
    "priceTarget": 24.77,
    "revenue5y": 16.81,
    "eps5y": 19.67,
    "currentPrice": 29.68
  },
  "NU": {
    "industry": "\u9280\u884c",
    "marketcap": 77849230624.0,
    "enterpriseValue": 67218321624.0,
    "earningsdate": "Nov 13 2025",
    "exdivdate": null,
    "sharesOutClass": 3781753779.0,
    "sharesout": 4832354477.0,
    "sharesgrowthyoy": 0.44,
    "sharesgrowthqoq": 0.078,
    "float": 3619030220.0,
    "pe": 34.309,
    "peForward": 23.73,
    "ps": 13.255,
    "psForward": 4.745,
    "pb": 8.131,
    "pegRatio": null,
    "evEarnings": 29.22,
    "evSales": 11.49,
    "evEbitda": null,
    "evEbit": null,
    "evFcf": null,
    "currentRatio": null,
    "quickRatio": null,
    "debtEquity": null,
    "debtEbitda": null,
    "debtFcf": null,
    "interestCoverage": null,
    "assetturnover": null,
    "inventoryturnover": null,
    "shortInterest": 102191494.0,
    "shortShares": 2.115,
    "shortFloat": 2.824,
    "revenue": 5849261000.0,
    "gp": 5849261000.0,
    "opinc": 3167830000.0,
    "pretax": 3165675000.0,
    "netinc": 2300067000.0,
    "ebitda": null,
    "ebit": null,
    "debt": 3492115000.0,
    "workingcapital": -24730360000.0,
    "ncfo": -7625015000.0,
    "capex": -9812000.0,
    "fcf": -7634827000.0,
    "grossMargin": null,
    "operatingMargin": 54.158,
    "pretaxMargin": 54.121,
    "profitMargin": 39.322,
    "ebitdaMargin": null,
    "ebitMargin": null,
    "fcfMargin": null,
    "dividendYield": null,
    "dividendGrowthYears": null,
    "payoutRatio": null,
    "buybackYield": -0.44,
    "earningsYield": 2.955,
    "fcfYield": -9.807,
    "priceTarget": 16.4,
    "revenue5y": null,
    "eps5y": null,
    "currentPrice": 16.11
  },
  "C": {
    "industry": "\u9280\u884c",
    "marketcap": 181130839000.0,
    "enterpriseValue": -330198161000.0,
    "earningsdate": "Oct 14 2025",
    "exdivdate": "Nov 3 2025",
    "sharesOutClass": 1789300000.0,
    "sharesout": 1789300000.0,
    "sharesgrowthyoy": -2.073,
    "sharesgrowthqoq": -1.611,
    "float": 1783818943.0,
    "pe": 14.246,
    "peForward": 10.814,
    "ps": 2.499,
    "psForward": 2.043,
    "pb": 0.934,
    "pegRatio": 0.436,
    "evEarnings": null,
    "evSales": null,
    "evEbitda": null,
    "evEbit": null,
    "evFcf": null,
    "currentRatio": null,
    "quickRatio": null,
    "debtEquity": null,
    "debtEbitda": null,
    "debtFcf": null,
    "interestCoverage": null,
    "assetturnover": null,
    "inventoryturnover": null,
    "shortInterest": 29370584.0,
    "shortShares": 1.641,
    "shortFloat": 1.647,
    "revenue": 75384000000.0,
    "gp": 75384000000.0,
    "opinc": 20018000000.0,
    "pretax": 19819000000.0,
    "netinc": 13435000000.0,
    "ebitda": null,
    "ebit": null,
    "debt": 720332000000.0,
    "workingcapital": -730572000000.0,
    "ncfo": null,
    "capex": null,
    "fcf": null,
    "grossMargin": null,
    "operatingMargin": 26.555,
    "pretaxMargin": 26.291,
    "profitMargin": 19.488,
    "ebitdaMargin": null,
    "ebitMargin": null,
    "fcfMargin": null,
    "dividendYield": 2.371,
    "dividendGrowthYears": 2.0,
    "payoutRatio": 32.654,
    "buybackYield": 2.073,
    "earningsYield": 7.417,
    "fcfYield": null,
    "priceTarget": 104.63,
    "revenue5y": 5.52,
    "eps5y": 12.54,
    "currentPrice": 101.23
  },
  "GS": {
    "industry": "\u9280\u884c",
    "marketcap": 247641215603.0,
    "enterpriseValue": -31497784397.0,
    "earningsdate": "Oct 14 2025",
    "exdivdate": "Dec 2 2025",
    "sharesOutClass": 313720075.0,
    "sharesout": 313720075.0,
    "sharesgrowthyoy": -5.957,
    "sharesgrowthqoq": -0.521,
    "float": 314671843.0,
    "pe": 16.024,
    "peForward": 14.597,
    "ps": 4.358,
    "psForward": 3.97,
    "pb": 2.268,
    "pegRatio": 0.993,
    "evEarnings": null,
    "evSales": null,
    "evEbitda": null,
    "evEbit": null,
    "evFcf": null,
    "currentRatio": 1.657,
    "quickRatio": 1.49,
    "debtEquity": 5.86,
    "debtEbitda": null,
    "debtFcf": null,
    "interestCoverage": null,
    "assetturnover": 0.032,
    "inventoryturnover": null,
    "shortInterest": 6092146.0,
    "shortShares": 1.942,
    "shortFloat": 1.936,
    "revenue": 57337000000.0,
    "gp": 47588000000.0,
    "opinc": 21399000000.0,
    "pretax": 21254000000.0,
    "netinc": 15789000000.0,
    "ebitda": null,
    "ebit": null,
    "debt": 731218000000.0,
    "workingcapital": 626289000000.0,
    "ncfo": 17888000000.0,
    "capex": -2119000000.0,
    "fcf": null,
    "grossMargin": 82.997,
    "operatingMargin": 37.321,
    "pretaxMargin": 37.069,
    "profitMargin": 29.074,
    "ebitdaMargin": null,
    "ebitMargin": null,
    "fcfMargin": null,
    "dividendYield": 2.027,
    "dividendGrowthYears": 13.0,
    "payoutRatio": 28.419,
    "buybackYield": 5.957,
    "earningsYield": 6.376,
    "fcfYield": null,
    "priceTarget": 748.77,
    "revenue5y": 4.5,
    "eps5y": 5.69,
    "currentPrice": 789.37
  },
  "BAC": {
    "industry": "\u9280\u884c",
    "marketcap": 390318387148.0,
    "enterpriseValue": 379183387148.0,
    "earningsdate": "Oct 15 2025",
    "exdivdate": "Dec 5 2025",
    "sharesOutClass": 7302495550.0,
    "sharesout": 7302495550.0,
    "sharesgrowthyoy": -2.313,
    "sharesgrowthqoq": -0.32,
    "float": 7301195065.0,
    "pe": 14.6,
    "peForward": 12.598,
    "ps": 4.012,
    "psForward": 3.373,
    "pb": 1.408,
    "pegRatio": 0.848,
    "evEarnings": 13.42,
    "evSales": 3.74,
    "evEbitda": null,
    "evEbit": null,
    "evFcf": null,
    "currentRatio": null,
    "quickRatio": null,
    "debtEquity": null,
    "debtEbitda": null,
    "debtFcf": null,
    "interestCoverage": null,
    "assetturnover": null,
    "inventoryturnover": null,
    "shortInterest": 106772069.0,
    "shortShares": 1.462,
    "shortFloat": 1.462,
    "revenue": 101445000000.0,
    "gp": 101445000000.0,
    "opinc": 32368000000.0,
    "pretax": 32368000000.0,
    "netinc": 28254000000.0,
    "ebitda": null,
    "ebit": null,
    "debt": 763982000000.0,
    "workingcapital": -1716330000000.0,
    "ncfo": 61472000000.0,
    "capex": null,
    "fcf": null,
    "grossMargin": null,
    "operatingMargin": 31.907,
    "pretaxMargin": 31.907,
    "profitMargin": 29.224,
    "ebitdaMargin": null,
    "ebitMargin": null,
    "fcfMargin": null,
    "dividendYield": 2.095,
    "dividendGrowthYears": 11.0,
    "payoutRatio": 29.521,
    "buybackYield": 2.313,
    "earningsYield": 7.239,
    "fcfYield": null,
    "priceTarget": 55.32,
    "revenue5y": 6.26,
    "eps5y": 9.66,
    "currentPrice": 53.45
  },
  "WFC": {
    "industry": "\u9280\u884c",
    "marketcap": 273006182618.0,
    "enterpriseValue": 279384182618.0,
    "earningsdate": "Oct 14 2025",
    "exdivdate": "Nov 7 2025",
    "sharesOutClass": 3139084542.0,
    "sharesout": 3139084542.0,
    "sharesgrowthyoy": -7.04,
    "sharesgrowthqoq": -1.332,
    "float": 3141186914.0,
    "pe": 14.324,
    "peForward": 12.783,
    "ps": 3.576,
    "psForward": 3.11,
    "pb": 1.664,
    "pegRatio": 0.873,
    "evEarnings": 13.99,
    "evSales": 3.53,
    "evEbitda": null,
    "evEbit": null,
    "evFcf": null,
    "currentRatio": null,
    "quickRatio": null,
    "debtEquity": null,
    "debtEbitda": null,
    "debtFcf": null,
    "interestCoverage": null,
    "assetturnover": null,
    "inventoryturnover": null,
    "shortInterest": 31951328.0,
    "shortShares": 1.018,
    "shortFloat": 1.017,
    "revenue": 79072000000.0,
    "gp": 79072000000.0,
    "opinc": 24553000000.0,
    "pretax": 24056000000.0,
    "netinc": 19972000000.0,
    "ebitda": null,
    "ebit": null,
    "debt": 424137000000.0,
    "workingcapital": -1114843000000.0,
    "ncfo": -14218000000.0,
    "capex": null,
    "fcf": null,
    "grossMargin": null,
    "operatingMargin": 31.051,
    "pretaxMargin": 30.423,
    "profitMargin": 26.629,
    "ebitdaMargin": null,
    "ebitMargin": null,
    "fcfMargin": null,
    "dividendYield": 2.07,
    "dividendGrowthYears": 3.0,
    "payoutRatio": 28.0,
    "buybackYield": 7.04,
    "earningsYield": 7.316,
    "fcfYield": null,
    "priceTarget": 89.96,
    "revenue5y": 4.18,
    "eps5y": 7.77,
    "currentPrice": 86.97
  },
  "JPM": {
    "industry": "\u9280\u884c",
    "marketcap": 846930864000.0,
    "enterpriseValue": 303664864000.0,
    "earningsdate": "Oct 14 2025",
    "exdivdate": "Oct 6 2025",
    "sharesOutClass": 2722200000.0,
    "sharesout": 2722200000.0,
    "sharesgrowthyoy": -3.149,
    "sharesgrowthqoq": -0.934,
    "float": 2707659933.0,
    "pe": 15.414,
    "peForward": 14.914,
    "ps": 5.216,
    "psForward": 4.519,
    "pb": 2.49,
    "pegRatio": 1.966,
    "evEarnings": 5.36,
    "evSales": 1.82,
    "evEbitda": null,
    "evEbit": null,
    "evFcf": null,
    "currentRatio": null,
    "quickRatio": null,
    "debtEquity": null,
    "debtEbitda": null,
    "debtFcf": null,
    "interestCoverage": null,
    "assetturnover": null,
    "inventoryturnover": null,
    "shortInterest": 26007014.0,
    "shortShares": 0.955,
    "shortFloat": 0.961,
    "revenue": 167126000000.0,
    "gp": 167126000000.0,
    "opinc": 72973000000.0,
    "pretax": 72810000000.0,
    "netinc": 56660000000.0,
    "ebitda": null,
    "ebit": null,
    "debt": 1138762000000.0,
    "workingcapital": -1674794000000.0,
    "ncfo": null,
    "capex": null,
    "fcf": null,
    "grossMargin": null,
    "operatingMargin": 43.663,
    "pretaxMargin": 43.566,
    "profitMargin": 34.721,
    "ebitdaMargin": null,
    "ebitMargin": null,
    "fcfMargin": null,
    "dividendYield": 1.929,
    "dividendGrowthYears": 14.0,
    "payoutRatio": 27.497,
    "buybackYield": 3.149,
    "earningsYield": 6.69,
    "fcfYield": null,
    "priceTarget": 325.69,
    "revenue5y": 3.29,
    "eps5y": 4.21,
    "currentPrice": 311.12
  },
  "CVS": {
    "industry": "\u50b3\u7d71",
    "marketcap": 99206148703.0,
    "enterpriseValue": 169726148703.0,
    "earningsdate": "Oct 29 2025",
    "exdivdate": "Oct 23 2025",
    "sharesOutClass": 1269432485.0,
    "sharesout": 1269432485.0,
    "sharesgrowthyoy": -0.374,
    "sharesgrowthqoq": -0.079,
    "float": 1266811135.0,
    "pe": 210.789,
    "peForward": 11.291,
    "ps": 0.252,
    "psForward": 0.242,
    "pb": 1.361,
    "pegRatio": 0.627,
    "evEarnings": 361.89,
    "evSales": 0.43,
    "evEbitda": 11.68,
    "evEbit": 17.1,
    "evFcf": 26.97,
    "currentRatio": 0.832,
    "quickRatio": 0.594,
    "debtEquity": 1.12,
    "debtEbitda": 4.68,
    "debtFcf": 12.99,
    "interestCoverage": 3.213,
    "assetturnover": 1.543,
    "inventoryturnover": 18.54,
    "shortInterest": 19523681.0,
    "shortShares": 1.538,
    "shortFloat": 1.541,
    "revenue": 391690000000.0,
    "gp": 52300000000.0,
    "opinc": 9927000000.0,
    "pretax": 2908000000.0,
    "netinc": 469000000.0,
    "ebitda": 14533000000.0,
    "ebit": 9927000000.0,
    "debt": 81752000000.0,
    "workingcapital": -15586000000.0,
    "ncfo": 9109000000.0,
    "capex": -2816000000.0,
    "fcf": 6293000000.0,
    "grossMargin": 13.352,
    "operatingMargin": 2.534,
    "pretaxMargin": 0.742,
    "profitMargin": 0.12,
    "ebitdaMargin": 3.71,
    "ebitMargin": 2.534,
    "fcfMargin": 1.607,
    "dividendYield": 3.404,
    "dividendGrowthYears": 3.0,
    "payoutRatio": 717.465,
    "buybackYield": 0.374,
    "earningsYield": 0.473,
    "fcfYield": 6.343,
    "priceTarget": 85.94,
    "revenue5y": 4.98,
    "eps5y": 19.97,
    "currentPrice": 78.15
  },
  "ISRG": {
    "industry": "\u50b3\u7d71",
    "marketcap": 189400161882.0,
    "enterpriseValue": 184491361882.0,
    "earningsdate": "Oct 21 2025",
    "exdivdate": null,
    "sharesOutClass": 354496073.0,
    "sharesout": 354496073.0,
    "sharesgrowthyoy": 0.818,
    "sharesgrowthqoq": -0.632,
    "float": 352313591.0,
    "pe": 70.69,
    "peForward": 57.86,
    "ps": 19.856,
    "psForward": 17.182,
    "pb": 11.2,
    "pegRatio": 3.383,
    "evEarnings": 67.16,
    "evSales": 19.19,
    "evEbitda": 54.07,
    "evEbit": 65.02,
    "evFcf": 81.23,
    "currentRatio": 4.728,
    "quickRatio": 3.49,
    "debtEquity": null,
    "debtEbitda": null,
    "debtFcf": null,
    "interestCoverage": null,
    "assetturnover": 0.518,
    "inventoryturnover": 1.981,
    "shortInterest": 7388032.0,
    "shortShares": 2.084,
    "shortFloat": 2.097,
    "revenue": 9612000000.0,
    "gp": 6380200000.0,
    "opinc": 2837300000.0,
    "pretax": 3165600000.0,
    "netinc": 2746900000.0,
    "ebitda": 3411900000.0,
    "ebit": 2837300000.0,
    "debt": null,
    "workingcapital": 6722100000.0,
    "ncfo": 2960600000.0,
    "capex": -689300000.0,
    "fcf": 2271300000.0,
    "grossMargin": 66.377,
    "operatingMargin": 29.518,
    "pretaxMargin": 32.934,
    "profitMargin": 28.578,
    "ebitdaMargin": 35.496,
    "ebitMargin": 29.518,
    "fcfMargin": 23.63,
    "dividendYield": null,
    "dividendGrowthYears": null,
    "payoutRatio": null,
    "buybackYield": -0.818,
    "earningsYield": 1.45,
    "fcfYield": 1.199,
    "priceTarget": 595.47,
    "revenue5y": 14.85,
    "eps5y": 17.6,
    "currentPrice": 534.28
  },
  "ABBV": {
    "industry": "\u50b3\u7d71",
    "marketcap": 385180361484.0,
    "enterpriseValue": 449298361484.0,
    "earningsdate": "Oct 31 2025",
    "exdivdate": "Jan 16 2026",
    "sharesOutClass": 1766558253.0,
    "sharesout": 1766558253.0,
    "sharesgrowthyoy": null,
    "sharesgrowthqoq": 0.056,
    "float": 1762933960.0,
    "pe": 165.106,
    "peForward": 19.3,
    "ps": 6.467,
    "psForward": 5.853,
    "pb": null,
    "pegRatio": 1.334,
    "evEarnings": 191.35,
    "evSales": 7.53,
    "evEbitda": 15.76,
    "evEbit": 22.19,
    "evFcf": null,
    "currentRatio": null,
    "quickRatio": null,
    "debtEquity": null,
    "debtEbitda": 2.45,
    "debtFcf": null,
    "interestCoverage": 6.223,
    "assetturnover": null,
    "inventoryturnover": null,
    "shortInterest": 18080904.0,
    "shortShares": 1.024,
    "shortFloat": 1.026,
    "revenue": 59644000000.0,
    "gp": 42467000000.0,
    "opinc": 20248000000.0,
    "pretax": 1660000000.0,
    "netinc": 2348000000.0,
    "ebitda": 28500000000.0,
    "ebit": 20248000000.0,
    "debt": 70585000000.0,
    "workingcapital": null,
    "ncfo": null,
    "capex": null,
    "fcf": null,
    "grossMargin": 71.201,
    "operatingMargin": 33.948,
    "pretaxMargin": 2.783,
    "profitMargin": 4.004,
    "ebitdaMargin": 47.784,
    "ebitMargin": 33.948,
    "fcfMargin": null,
    "dividendYield": 3.174,
    "dividendGrowthYears": 53.0,
    "payoutRatio": 503.558,
    "buybackYield": null,
    "earningsYield": 0.61,
    "fcfYield": null,
    "priceTarget": 233.39,
    "revenue5y": 7.54,
    "eps5y": 51.6,
    "currentPrice": 218.04
  },
  "DIS": {
    "industry": "\u50b3\u7d71",
    "marketcap": 202483308272.0,
    "enterpriseValue": 239379308272.0,
    "earningsdate": "Nov 13 2025",
    "exdivdate": "Jun 24 2025",
    "sharesOutClass": 1797933833.0,
    "sharesout": 1797933833.0,
    "sharesgrowthyoy": -1.131,
    "sharesgrowthqoq": -0.496,
    "float": 1795478292.0,
    "pe": 17.677,
    "peForward": 18.317,
    "ps": 2.154,
    "psForward": 2.015,
    "pb": 1.854,
    "pegRatio": 1.49,
    "evEarnings": 20.72,
    "evSales": 2.53,
    "evEbitda": 12.28,
    "evEbit": 16.77,
    "evFcf": 20.73,
    "currentRatio": 0.722,
    "quickRatio": 0.569,
    "debtEquity": 0.37,
    "debtEbitda": 2.02,
    "debtFcf": 3.66,
    "interestCoverage": 7.404,
    "assetturnover": 0.479,
    "inventoryturnover": 15.099,
    "shortInterest": 19065480.0,
    "shortShares": 1.06,
    "shortFloat": 1.062,
    "revenue": 94535000000.0,
    "gp": 35557000000.0,
    "opinc": 14274000000.0,
    "pretax": 10906000000.0,
    "netinc": 11551000000.0,
    "ebitda": 19491000000.0,
    "ebit": 14274000000.0,
    "debt": 42263000000.0,
    "workingcapital": -9152000000.0,
    "ncfo": 19145000000.0,
    "capex": -7597000000.0,
    "fcf": 11548000000.0,
    "grossMargin": 37.613,
    "operatingMargin": 15.099,
    "pretaxMargin": 11.536,
    "profitMargin": 12.219,
    "ebitdaMargin": 20.618,
    "ebitMargin": 15.099,
    "fcfMargin": 12.216,
    "dividendYield": 0.888,
    "dividendGrowthYears": 1.0,
    "payoutRatio": 15.696,
    "buybackYield": 1.131,
    "earningsYield": 5.705,
    "fcfYield": 5.703,
    "priceTarget": 133.53,
    "revenue5y": 3.36,
    "eps5y": 19.32,
    "currentPrice": 112.62
  },
  "UNH": {
    "industry": "\u50b3\u7d71",
    "marketcap": 309398239047.0,
    "enterpriseValue": 362324239047.0,
    "earningsdate": "Oct 28 2025",
    "exdivdate": "Sep 15 2025",
    "sharesOutClass": 905838620.0,
    "sharesout": 905838620.0,
    "sharesgrowthyoy": -1.612,
    "sharesgrowthqoq": -0.22,
    "float": 897974872.0,
    "pe": 17.774,
    "peForward": 20.274,
    "ps": 0.715,
    "psForward": 0.662,
    "pb": 3.231,
    "pegRatio": null,
    "evEarnings": 20.6,
    "evSales": 0.83,
    "evEbitda": 12.39,
    "evEbit": 13.75,
    "evFcf": 20.86,
    "currentRatio": 0.823,
    "quickRatio": 0.745,
    "debtEquity": 0.76,
    "debtEbitda": 2.62,
    "debtFcf": 4.61,
    "interestCoverage": 6.539,
    "assetturnover": 1.416,
    "inventoryturnover": null,
    "shortInterest": 13531383.0,
    "shortShares": 1.494,
    "shortFloat": 1.507,
    "revenue": 435159000000.0,
    "gp": 85731000000.0,
    "opinc": 26357000000.0,
    "pretax": 22208000000.0,
    "netinc": 17589000000.0,
    "ebitda": 29242000000.0,
    "ebit": 26357000000.0,
    "debt": 80136000000.0,
    "workingcapital": -20459000000.0,
    "ncfo": 20958000000.0,
    "capex": -3586000000.0,
    "fcf": 17372000000.0,
    "grossMargin": 19.701,
    "operatingMargin": 6.057,
    "pretaxMargin": 5.103,
    "profitMargin": 4.042,
    "ebitdaMargin": 6.72,
    "ebitMargin": 6.057,
    "fcfMargin": 3.992,
    "dividendYield": 2.588,
    "dividendGrowthYears": 15.0,
    "payoutRatio": 44.855,
    "buybackYield": 1.612,
    "earningsYield": 5.685,
    "fcfYield": 5.615,
    "priceTarget": 407.88,
    "revenue5y": 6.57,
    "eps5y": 15.76,
    "currentPrice": 341.56
  },
  "TRV": {
    "industry": "\u50b3\u7d71",
    "marketcap": 59919295075.0,
    "enterpriseValue": 68594295075.0,
    "earningsdate": "Oct 16 2025",
    "exdivdate": "Dec 10 2025",
    "sharesOutClass": 223063417.0,
    "sharesout": 223063417.0,
    "sharesgrowthyoy": -0.865,
    "sharesgrowthqoq": -0.785,
    "float": 221891432.0,
    "pe": 10.559,
    "peForward": 10.115,
    "ps": 1.254,
    "psForward": 1.282,
    "pb": 1.895,
    "pegRatio": 2.463,
    "evEarnings": 11.76,
    "evSales": 1.42,
    "evEbitda": 8.19,
    "evEbit": 8.92,
    "evFcf": null,
    "currentRatio": 0.338,
    "quickRatio": 0.205,
    "debtEquity": 0.29,
    "debtEbitda": 1.1,
    "debtFcf": null,
    "interestCoverage": 18.904,
    "assetturnover": 0.348,
    "inventoryturnover": null,
    "shortInterest": 3579267.0,
    "shortShares": 1.605,
    "shortFloat": 1.613,
    "revenue": 48404000000.0,
    "gp": 13745000000.0,
    "opinc": 7694000000.0,
    "pretax": 7287000000.0,
    "netinc": 5831000000.0,
    "ebitda": 8375000000.0,
    "ebit": 7694000000.0,
    "debt": 9267000000.0,
    "workingcapital": -61227000000.0,
    "ncfo": 9985000000.0,
    "capex": null,
    "fcf": null,
    "grossMargin": 28.396,
    "operatingMargin": 15.895,
    "pretaxMargin": 15.055,
    "profitMargin": 12.135,
    "ebitdaMargin": 17.302,
    "ebitMargin": 15.895,
    "fcfMargin": null,
    "dividendYield": 1.638,
    "dividendGrowthYears": 19.0,
    "payoutRatio": 17.099,
    "buybackYield": 0.865,
    "earningsYield": 9.731,
    "fcfYield": null,
    "priceTarget": 289.58,
    "revenue5y": 2.39,
    "eps5y": 2.75,
    "currentPrice": 268.62
  },
  "MA": {
    "industry": "\u652f\u4ed8",
    "marketcap": 495684728138.0,
    "enterpriseValue": 504019728138.0,
    "earningsdate": "Oct 30 2025",
    "exdivdate": "Oct 9 2025",
    "sharesOutClass": 891258183.0,
    "sharesout": 897995848.0,
    "sharesgrowthyoy": -2.2,
    "sharesgrowthqoq": -0.44,
    "float": 889978631.0,
    "pe": 35.295,
    "peForward": 30.008,
    "ps": 15.96,
    "psForward": 13.55,
    "pb": 62.881,
    "pegRatio": 2.063,
    "evEarnings": 35.37,
    "evSales": 16.01,
    "evEbitda": 25.7,
    "evEbit": 27.19,
    "evFcf": 29.63,
    "currentRatio": 1.122,
    "quickRatio": 0.72,
    "debtEquity": 2.4,
    "debtEbitda": 0.97,
    "debtFcf": 1.12,
    "interestCoverage": 24.813,
    "assetturnover": 0.626,
    "inventoryturnover": null,
    "shortInterest": 5811410.0,
    "shortShares": 0.647,
    "shortFloat": 0.653,
    "revenue": 31474000000.0,
    "gp": 31474000000.0,
    "opinc": 18535000000.0,
    "pretax": 17593000000.0,
    "netinc": 14250000000.0,
    "ebitda": 19612000000.0,
    "ebit": 18535000000.0,
    "debt": 18983000000.0,
    "workingcapital": 2530000000.0,
    "ncfo": 17480000000.0,
    "capex": -472000000.0,
    "fcf": 17008000000.0,
    "grossMargin": 100.0,
    "operatingMargin": 58.89,
    "pretaxMargin": 55.897,
    "profitMargin": 45.275,
    "ebitdaMargin": 62.312,
    "ebitMargin": 58.89,
    "fcfMargin": 54.038,
    "dividendYield": 0.551,
    "dividendGrowthYears": 13.0,
    "payoutRatio": 19.438,
    "buybackYield": 2.2,
    "earningsYield": 2.875,
    "fcfYield": 3.431,
    "priceTarget": 641.11,
    "revenue5y": 12.26,
    "eps5y": 16.5,
    "currentPrice": 551.99
  },
  "V": {
    "industry": "\u652f\u4ed8",
    "marketcap": 653852245053.0,
    "enterpriseValue": 660026245053.0,
    "earningsdate": "Oct 28 2025",
    "exdivdate": "Nov 12 2025",
    "sharesOutClass": 1691000000.0,
    "sharesout": 1918918369.0,
    "sharesgrowthyoy": -15.525,
    "sharesgrowthqoq": -13.425,
    "float": 1752380242.0,
    "pe": 29.117,
    "peForward": 26.612,
    "ps": 14.601,
    "psForward": 14.512,
    "pb": 17.007,
    "pegRatio": 2.064,
    "evEarnings": 32.91,
    "evSales": 16.5,
    "evEbitda": 23.58,
    "evEbit": 24.66,
    "evFcf": 30.59,
    "currentRatio": 1.078,
    "quickRatio": 0.751,
    "debtEquity": 0.66,
    "debtEbitda": 0.9,
    "debtFcf": 1.17,
    "interestCoverage": 45.448,
    "assetturnover": 0.412,
    "inventoryturnover": null,
    "shortInterest": 26427530.0,
    "shortShares": 1.377,
    "shortFloat": 1.508,
    "revenue": 40000000000.0,
    "gp": 39106000000.0,
    "opinc": 26769000000.0,
    "pretax": 24194000000.0,
    "netinc": 20058000000.0,
    "ebitda": 27989000000.0,
    "ebit": 26769000000.0,
    "debt": 25171000000.0,
    "workingcapital": 2718000000.0,
    "ncfo": 23059000000.0,
    "capex": -1482000000.0,
    "fcf": 21577000000.0,
    "grossMargin": 97.765,
    "operatingMargin": 66.923,
    "pretaxMargin": 60.485,
    "profitMargin": 50.145,
    "ebitdaMargin": 69.973,
    "ebitMargin": 66.923,
    "fcfMargin": 53.943,
    "dividendYield": 0.787,
    "dividendGrowthYears": 17.0,
    "payoutRatio": 20.85,
    "buybackYield": 15.525,
    "earningsYield": 3.068,
    "fcfYield": 3.3,
    "priceTarget": 393.71,
    "revenue5y": null,
    "eps5y": 13.05,
    "currentPrice": 340.74
  },
  "PYPL": {
    "industry": "\u652f\u4ed8",
    "marketcap": 64812610784.0,
    "enterpriseValue": 66224610784.0,
    "earningsdate": "Oct 28 2025",
    "exdivdate": null,
    "sharesOutClass": 935651953.0,
    "sharesout": 935651953.0,
    "sharesgrowthyoy": -6.648,
    "sharesgrowthqoq": -1.74,
    "float": 932382910.0,
    "pe": 13.913,
    "peForward": 12.34,
    "ps": 2.055,
    "psForward": 1.845,
    "pb": 3.227,
    "pegRatio": 1.0,
    "evEarnings": 13.47,
    "evSales": 2.02,
    "evEbitda": 10.01,
    "evEbit": 10.79,
    "evFcf": 11.9,
    "currentRatio": 1.34,
    "quickRatio": 0.264,
    "debtEquity": 0.6,
    "debtEbitda": 1.8,
    "debtFcf": 2.19,
    "interestCoverage": 14.379,
    "assetturnover": 0.402,
    "inventoryturnover": null,
    "shortInterest": 38620039.0,
    "shortShares": 4.128,
    "shortFloat": 4.142,
    "revenue": 32862000000.0,
    "gp": 13657000000.0,
    "opinc": 6140000000.0,
    "pretax": 6075000000.0,
    "netinc": 4917000000.0,
    "ebitda": 6619000000.0,
    "ebit": 6140000000.0,
    "debt": 12167000000.0,
    "workingcapital": 15252000000.0,
    "ncfo": 6426000000.0,
    "capex": -861000000.0,
    "fcf": 5565000000.0,
    "grossMargin": 41.559,
    "operatingMargin": 18.684,
    "pretaxMargin": 18.486,
    "profitMargin": 14.963,
    "ebitdaMargin": 20.142,
    "ebitMargin": 18.684,
    "fcfMargin": 16.934,
    "dividendYield": 0.808,
    "dividendGrowthYears": null,
    "payoutRatio": null,
    "buybackYield": 6.648,
    "earningsYield": 7.586,
    "fcfYield": 8.586,
    "priceTarget": 81.83,
    "revenue5y": 5.92,
    "eps5y": 16.12,
    "currentPrice": 69.27
  },
  "AXP": {
    "industry": "\u652f\u4ed8",
    "marketcap": 248489456787.0,
    "enterpriseValue": 254996456787.0,
    "earningsdate": "Oct 17 2025",
    "exdivdate": "Oct 10 2025",
    "sharesOutClass": 688851653.0,
    "sharesout": 688851653.0,
    "sharesgrowthyoy": -2.678,
    "sharesgrowthqoq": -0.858,
    "float": 535711701.0,
    "pe": 24.249,
    "peForward": 21.667,
    "ps": 3.855,
    "psForward": 3.221,
    "pb": 7.667,
    "pegRatio": 1.702,
    "evEarnings": 24.49,
    "evSales": 3.91,
    "evEbitda": null,
    "evEbit": null,
    "evFcf": 13.46,
    "currentRatio": 1.602,
    "quickRatio": 1.579,
    "debtEquity": 1.85,
    "debtEbitda": null,
    "debtFcf": 3.17,
    "interestCoverage": null,
    "assetturnover": 0.23,
    "inventoryturnover": null,
    "shortInterest": 8743388.0,
    "shortShares": 1.269,
    "shortFloat": 1.632,
    "revenue": 65294000000.0,
    "gp": 41876000000.0,
    "opinc": 13421000000.0,
    "pretax": 13461000000.0,
    "netinc": 10411000000.0,
    "ebitda": null,
    "ebit": null,
    "debt": 60060000000.0,
    "workingcapital": 100446000000.0,
    "ncfo": 21139000000.0,
    "capex": -2201000000.0,
    "fcf": 18938000000.0,
    "grossMargin": 64.135,
    "operatingMargin": 20.555,
    "pretaxMargin": 20.616,
    "profitMargin": 16.144,
    "ebitdaMargin": null,
    "ebitMargin": null,
    "fcfMargin": 29.004,
    "dividendYield": 0.909,
    "dividendGrowthYears": 3.0,
    "payoutRatio": 21.242,
    "buybackYield": 2.678,
    "earningsYield": 4.19,
    "fcfYield": 7.621,
    "priceTarget": 327.57,
    "revenue5y": 9.37,
    "eps5y": 9.34,
    "currentPrice": 360.73
  },
  "TPR": {
    "industry": "\u96f6\u552e",
    "marketcap": 22733344889.0,
    "enterpriseValue": 25512944889.0,
    "earningsdate": "Nov 6 2025",
    "exdivdate": "Sep 5 2025",
    "sharesOutClass": 207005508.0,
    "sharesout": 207005508.0,
    "sharesgrowthyoy": -4.588,
    "sharesgrowthqoq": -2.852,
    "float": 206017484.0,
    "pe": 133.927,
    "peForward": 20.036,
    "ps": 3.396,
    "psForward": 3.12,
    "pb": 26.642,
    "pegRatio": 2.633,
    "evEarnings": 139.26,
    "evSales": 3.64,
    "evEbitda": 16.24,
    "evEbit": 18.12,
    "evFcf": 23.32,
    "currentRatio": 1.866,
    "quickRatio": 1.051,
    "debtEquity": 4.55,
    "debtEbitda": 1.82,
    "debtFcf": 3.56,
    "interestCoverage": 5.191,
    "assetturnover": 0.702,
    "inventoryturnover": 2.043,
    "shortInterest": 13964570.0,
    "shortShares": 6.746,
    "shortFloat": 6.778,
    "revenue": 7010700000.0,
    "gp": 5288900000.0,
    "opinc": 1408300000.0,
    "pretax": 216100000.0,
    "netinc": 183200000.0,
    "ebitda": 1571200000.0,
    "ebit": 1408300000.0,
    "debt": 3899200000.0,
    "workingcapital": 1348700000.0,
    "ncfo": 1216600000.0,
    "capex": -122700000.0,
    "fcf": 1093900000.0,
    "grossMargin": 75.44,
    "operatingMargin": 20.088,
    "pretaxMargin": 3.082,
    "profitMargin": 2.613,
    "ebitdaMargin": 22.411,
    "ebitMargin": 20.088,
    "fcfMargin": 15.603,
    "dividendYield": 1.457,
    "dividendGrowthYears": 4.0,
    "payoutRatio": 176.829,
    "buybackYield": 4.588,
    "earningsYield": 0.806,
    "fcfYield": 4.812,
    "priceTarget": 116.47,
    "revenue5y": 3.35,
    "eps5y": 57.51,
    "currentPrice": 109.82
  },
  "PVH": {
    "industry": "\u96f6\u552e",
    "marketcap": 3769222524.0,
    "enterpriseValue": 7810422524.0,
    "earningsdate": "Dec 3 2025",
    "exdivdate": "Nov 26 2025",
    "sharesOutClass": 48119782.0,
    "sharesout": 48119782.0,
    "sharesgrowthyoy": -9.941,
    "sharesgrowthqoq": -5.088,
    "float": 47711660.0,
    "pe": 8.854,
    "peForward": 6.912,
    "ps": 0.468,
    "psForward": 0.414,
    "pb": 0.774,
    "pegRatio": null,
    "evEarnings": 16.67,
    "evSales": 0.89,
    "evEbitda": 8.15,
    "evEbit": 11.09,
    "evFcf": 15.15,
    "currentRatio": 1.369,
    "quickRatio": 0.485,
    "debtEquity": 0.88,
    "debtEbitda": 2.76,
    "debtFcf": 8.32,
    "interestCoverage": 7.662,
    "assetturnover": 0.768,
    "inventoryturnover": 2.174,
    "shortInterest": 4172397.0,
    "shortShares": 8.671,
    "shortFloat": 8.745,
    "revenue": 8777500000.0,
    "gp": 5110400000.0,
    "opinc": 704100000.0,
    "pretax": 125100000.0,
    "netinc": 468500000.0,
    "ebitda": 958400000.0,
    "ebit": 704100000.0,
    "debt": 4290000000.0,
    "workingcapital": 889000000.0,
    "ncfo": 656900000.0,
    "capex": -141200000.0,
    "fcf": 515700000.0,
    "grossMargin": 58.222,
    "operatingMargin": 8.022,
    "pretaxMargin": 1.425,
    "profitMargin": 5.338,
    "ebitdaMargin": 10.919,
    "ebitMargin": 8.022,
    "fcfMargin": 5.875,
    "dividendYield": 0.191,
    "dividendGrowthYears": null,
    "payoutRatio": 1.696,
    "buybackYield": 9.941,
    "earningsYield": 12.43,
    "fcfYield": 13.682,
    "priceTarget": 92.47,
    "revenue5y": 2.66,
    "eps5y": 12.72,
    "currentPrice": 78.33
  },
  "EL": {
    "industry": "\u96f6\u552e",
    "marketcap": 34843231606.0,
    "enterpriseValue": 42046231606.0,
    "earningsdate": "Oct 30 2025",
    "exdivdate": "Nov 28 2025",
    "sharesOutClass": 234818211.0,
    "sharesout": 360360240.0,
    "sharesgrowthyoy": -0.021,
    "sharesgrowthqoq": 0.721,
    "float": 233657254.0,
    "pe": null,
    "peForward": 41.22,
    "ps": 2.413,
    "psForward": 2.264,
    "pb": 8.957,
    "pegRatio": 1.13,
    "evEarnings": null,
    "evSales": 2.91,
    "evEbitda": 20.29,
    "evEbit": 33.61,
    "evFcf": 40.24,
    "currentRatio": 1.321,
    "quickRatio": 0.807,
    "debtEquity": 2.42,
    "debtEbitda": 3.29,
    "debtFcf": 9.02,
    "interestCoverage": 3.564,
    "assetturnover": 0.711,
    "inventoryturnover": 1.729,
    "shortInterest": 9647620.0,
    "shortShares": 2.677,
    "shortFloat": 4.129,
    "revenue": 14446000000.0,
    "gp": 10715000000.0,
    "opinc": 1251000000.0,
    "pretax": -751000000.0,
    "netinc": -930000000.0,
    "ebitda": 2072000000.0,
    "ebit": 1251000000.0,
    "debt": 9422000000.0,
    "workingcapital": 1631000000.0,
    "ncfo": 1602000000.0,
    "capex": -557000000.0,
    "fcf": 1045000000.0,
    "grossMargin": 74.173,
    "operatingMargin": 8.66,
    "pretaxMargin": -5.199,
    "profitMargin": -6.438,
    "ebitdaMargin": 14.343,
    "ebitMargin": 8.66,
    "fcfMargin": 7.234,
    "dividendYield": 1.448,
    "dividendGrowthYears": null,
    "payoutRatio": null,
    "buybackYield": 0.021,
    "earningsYield": -2.669,
    "fcfYield": 2.999,
    "priceTarget": 93.55,
    "revenue5y": 3.6,
    "eps5y": null,
    "currentPrice": 96.69
  },
  "NKE": {
    "industry": "\u96f6\u552e",
    "marketcap": 95477026036.0,
    "enterpriseValue": 97963026036.0,
    "earningsdate": "Dec 18 2025",
    "exdivdate": "Sep 2 2025",
    "sharesOutClass": 1189313611.0,
    "sharesout": 1478201363.0,
    "sharesgrowthyoy": -2.47,
    "sharesgrowthqoq": 0.088,
    "float": 1171715909.0,
    "pe": 33.158,
    "peForward": 34.347,
    "ps": 2.058,
    "psForward": 2.024,
    "pb": 7.083,
    "pegRatio": 1.859,
    "evEarnings": 33.84,
    "evSales": 2.11,
    "evEbitda": 23.34,
    "evEbit": 28.64,
    "evFcf": 32.56,
    "currentRatio": 2.19,
    "quickRatio": 1.241,
    "debtEquity": 0.82,
    "debtEbitda": 2.09,
    "debtFcf": 3.68,
    "interestCoverage": 12.0,
    "assetturnover": 1.235,
    "inventoryturnover": 3.295,
    "shortInterest": 34228532.0,
    "shortShares": 2.316,
    "shortFloat": 2.921,
    "revenue": 46440000000.0,
    "gp": 19476000000.0,
    "opinc": 3420000000.0,
    "pretax": 3500000000.0,
    "netinc": 2895000000.0,
    "ebitda": 4197000000.0,
    "ebit": 3420000000.0,
    "debt": 11061000000.0,
    "workingcapital": 12987000000.0,
    "ncfo": 3526000000.0,
    "capex": -517000000.0,
    "fcf": 3009000000.0,
    "grossMargin": 41.938,
    "operatingMargin": 7.364,
    "pretaxMargin": 7.537,
    "profitMargin": 6.234,
    "ebitdaMargin": 9.037,
    "ebitMargin": 7.364,
    "fcfMargin": 6.479,
    "dividendYield": 2.477,
    "dividendGrowthYears": 23.0,
    "payoutRatio": 82.139,
    "buybackYield": 2.47,
    "earningsYield": 3.032,
    "fcfYield": 3.152,
    "priceTarget": 82.54,
    "revenue5y": 4.94,
    "eps5y": 17.01,
    "currentPrice": 64.59
  },
  "FL": {
    "industry": "\u96f6\u552e",
    "marketcap": 2294782401.0,
    "enterpriseValue": 4764782401.0,
    "earningsdate": "Aug 27 2025",
    "exdivdate": null,
    "sharesOutClass": 95576110.0,
    "sharesout": 95576110.0,
    "sharesgrowthyoy": 0.74,
    "sharesgrowthqoq": 0.315,
    "float": 94870110.0,
    "pe": null,
    "peForward": 19.876,
    "ps": 0.291,
    "psForward": 0.283,
    "pb": 0.889,
    "pegRatio": 1.875,
    "evEarnings": null,
    "evSales": 0.61,
    "evEbitda": 13.31,
    "evEbit": 30.54,
    "evFcf": 794.13,
    "currentRatio": 1.593,
    "quickRatio": 0.201,
    "debtEquity": 1.07,
    "debtEbitda": 2.18,
    "debtFcf": 461.5,
    "interestCoverage": 6.5,
    "assetturnover": 1.168,
    "inventoryturnover": 3.329,
    "shortInterest": 16260940.0,
    "shortShares": 17.014,
    "shortFloat": 17.14,
    "revenue": 7860000000.0,
    "gp": 2273000000.0,
    "opinc": 156000000.0,
    "pretax": -467000000.0,
    "netinc": -385000000.0,
    "ebitda": 358000000.0,
    "ebit": 156000000.0,
    "debt": 2769000000.0,
    "workingcapital": 883000000.0,
    "ncfo": 221000000.0,
    "capex": -215000000.0,
    "fcf": 6000000.0,
    "grossMargin": 28.919,
    "operatingMargin": 1.985,
    "pretaxMargin": -3.155,
    "profitMargin": -4.898,
    "ebitdaMargin": 4.555,
    "ebitMargin": 1.985,
    "fcfMargin": 0.076,
    "dividendYield": null,
    "dividendGrowthYears": null,
    "payoutRatio": null,
    "buybackYield": -0.74,
    "earningsYield": -16.777,
    "fcfYield": 0.261,
    "priceTarget": 21.14,
    "revenue5y": null,
    "eps5y": null,
    "currentPrice": 24.01
  },
  "JWN": {
    "industry": "\u96f6\u552e",
    "marketcap": 4078363012.0,
    "enterpriseValue": null,
    "earningsdate": "Jun 2 2025",
    "exdivdate": "Mar 11 2025",
    "sharesOutClass": 167234578.0,
    "sharesout": 167234578.0,
    "sharesgrowthyoy": 3.366,
    "sharesgrowthqoq": 0.707,
    "float": null,
    "pe": 14.172,
    "peForward": 11.256,
    "ps": 0.272,
    "psForward": 0.265,
    "pb": 3.578,
    "pegRatio": null,
    "evEarnings": null,
    "evSales": null,
    "evEbitda": null,
    "evEbit": null,
    "evFcf": null,
    "currentRatio": 1.195,
    "quickRatio": 0.415,
    "debtEquity": 3.76,
    "debtEbitda": 2.82,
    "debtFcf": 5.7,
    "interestCoverage": 4.044,
    "assetturnover": 1.725,
    "inventoryturnover": 4.707,
    "shortInterest": 14000737.0,
    "shortShares": 8.372,
    "shortFloat": null,
    "revenue": 15016000000.0,
    "gp": 5620000000.0,
    "opinc": 546000000.0,
    "pretax": 386000000.0,
    "netinc": 294000000.0,
    "ebitda": 1149000000.0,
    "ebit": 546000000.0,
    "debt": 4283000000.0,
    "workingcapital": 601000000.0,
    "ncfo": 1267000000.0,
    "capex": -516000000.0,
    "fcf": 751000000.0,
    "grossMargin": 37.427,
    "operatingMargin": 3.636,
    "pretaxMargin": 2.617,
    "profitMargin": 1.958,
    "ebitdaMargin": 7.652,
    "ebitMargin": 3.636,
    "fcfMargin": 5.001,
    "dividendYield": 3.082,
    "dividendGrowthYears": null,
    "payoutRatio": 43.678,
    "buybackYield": -3.366,
    "earningsYield": 7.209,
    "fcfYield": 18.414,
    "priceTarget": 22.36,
    "revenue5y": 2.24,
    "eps5y": 20.79,
    "currentPrice": null
  },
  "COST": {
    "industry": "\u96f6\u552e",
    "marketcap": 403935659965.0,
    "enterpriseValue": 398586659965.0,
    "earningsdate": "Dec 11 2025",
    "exdivdate": "Oct 31 2025",
    "sharesOutClass": 443179176.0,
    "sharesout": 443179176.0,
    "sharesgrowthyoy": 0.01,
    "sharesgrowthqoq": -0.013,
    "float": 441920869.0,
    "pe": 50.052,
    "peForward": 45.355,
    "ps": 1.47,
    "psForward": 1.337,
    "pb": 13.852,
    "pegRatio": 5.223,
    "evEarnings": 49.21,
    "evSales": 1.45,
    "evEbitda": 31.12,
    "evEbit": 38.39,
    "evFcf": 50.86,
    "currentRatio": 1.034,
    "quickRatio": 0.498,
    "debtEquity": 0.34,
    "debtEbitda": 0.75,
    "debtFcf": 1.27,
    "interestCoverage": 67.422,
    "assetturnover": 3.746,
    "inventoryturnover": 13.05,
    "shortInterest": 6948318.0,
    "shortShares": 1.568,
    "shortFloat": 1.572,
    "revenue": 275235000000.0,
    "gp": 35349000000.0,
    "opinc": 10383000000.0,
    "pretax": 10818000000.0,
    "netinc": 8099000000.0,
    "ebitda": 12809000000.0,
    "ebit": 10383000000.0,
    "debt": 9935000000.0,
    "workingcapital": 1272000000.0,
    "ncfo": 13335000000.0,
    "capex": -5498000000.0,
    "fcf": 7837000000.0,
    "grossMargin": 12.843,
    "operatingMargin": 3.772,
    "pretaxMargin": 3.93,
    "profitMargin": 2.943,
    "ebitdaMargin": 4.654,
    "ebitMargin": 3.772,
    "fcfMargin": 2.847,
    "dividendYield": 0.571,
    "dividendGrowthYears": null,
    "payoutRatio": 27.787,
    "buybackYield": -0.01,
    "earningsYield": 2.005,
    "fcfYield": 1.94,
    "priceTarget": 1068.38,
    "revenue5y": 6.54,
    "eps5y": 9.4,
    "currentPrice": 911.45
  },
  "LULU": {
    "industry": "\u96f6\u552e",
    "marketcap": 20223322693.0,
    "enterpriseValue": 20830246693.0,
    "earningsdate": "Dec 4 2025",
    "exdivdate": null,
    "sharesOutClass": 113468082.0,
    "sharesout": 118584043.0,
    "sharesgrowthyoy": -3.863,
    "sharesgrowthqoq": -0.962,
    "float": 109026573.0,
    "pe": 11.584,
    "peForward": 13.943,
    "ps": 1.894,
    "psForward": 1.78,
    "pb": 4.624,
    "pegRatio": 1.793,
    "evEarnings": 11.66,
    "evSales": 1.91,
    "evEbitda": 7.0,
    "evEbit": 8.35,
    "evFcf": 17.83,
    "currentRatio": 2.266,
    "quickRatio": 0.832,
    "debtEquity": 0.4,
    "debtEbitda": 0.49,
    "debtFcf": 1.51,
    "interestCoverage": null,
    "assetturnover": 1.529,
    "inventoryturnover": 2.83,
    "shortInterest": 8005471.0,
    "shortShares": 6.751,
    "shortFloat": 7.343,
    "revenue": 10904036000.0,
    "gp": 6443886000.0,
    "opinc": 2495268000.0,
    "pretax": 2545894000.0,
    "netinc": 1785750000.0,
    "ebitda": 2976704000.0,
    "ebit": 2495268000.0,
    "debt": 1762718000.0,
    "workingcapital": 1971382000.0,
    "ncfo": 1911771000.0,
    "capex": -743626000.0,
    "fcf": 1168145000.0,
    "grossMargin": 59.096,
    "operatingMargin": 22.884,
    "pretaxMargin": 23.348,
    "profitMargin": 16.377,
    "ebitdaMargin": 27.299,
    "ebitMargin": 22.884,
    "fcfMargin": 10.713,
    "dividendYield": null,
    "dividendGrowthYears": null,
    "payoutRatio": null,
    "buybackYield": 3.863,
    "earningsYield": 8.83,
    "fcfYield": 5.776,
    "priceTarget": 229.69,
    "revenue5y": 6.12,
    "eps5y": 6.83,
    "currentPrice": 170.54
  },
  "DG": {
    "industry": "\u96f6\u552e",
    "marketcap": 21715660722.0,
    "enterpriseValue": 37499027722.0,
    "earningsdate": "Dec 4 2025",
    "exdivdate": "Oct 7 2025",
    "sharesOutClass": 220106028.0,
    "sharesout": 220106028.0,
    "sharesgrowthyoy": 0.133,
    "sharesgrowthqoq": 0.327,
    "float": 218434237.0,
    "pe": 18.264,
    "peForward": 15.356,
    "ps": 0.521,
    "psForward": 0.487,
    "pb": 2.71,
    "pegRatio": 2.354,
    "evEarnings": 31.48,
    "evSales": 0.9,
    "evEbitda": 12.39,
    "evEbit": 18.6,
    "evFcf": 20.27,
    "currentRatio": 1.253,
    "quickRatio": 0.204,
    "debtEquity": 2.13,
    "debtEbitda": 3.18,
    "debtFcf": 9.23,
    "interestCoverage": 7.873,
    "assetturnover": 1.313,
    "inventoryturnover": 4.275,
    "shortInterest": 7907936.0,
    "shortShares": 3.593,
    "shortFloat": 3.62,
    "revenue": 41651642000.0,
    "gp": 12558825000.0,
    "opinc": 2016249000.0,
    "pretax": 1533461000.0,
    "netinc": 1191100000.0,
    "ebitda": 3026482000.0,
    "ebit": 2016249000.0,
    "debt": 17067934000.0,
    "workingcapital": 1697013000.0,
    "ncfo": 3158190000.0,
    "capex": -1308123000.0,
    "fcf": 1850067000.0,
    "grossMargin": 30.152,
    "operatingMargin": 4.841,
    "pretaxMargin": 3.682,
    "profitMargin": 2.86,
    "ebitdaMargin": 7.266,
    "ebitMargin": 4.841,
    "fcfMargin": 4.442,
    "dividendYield": 2.392,
    "dividendGrowthYears": 1.0,
    "payoutRatio": 43.688,
    "buybackYield": -0.133,
    "earningsYield": 5.485,
    "fcfYield": 8.52,
    "priceTarget": 116.32,
    "revenue5y": 4.86,
    "eps5y": 13.08,
    "currentPrice": 98.66
  },
  "KR": {
    "industry": "\u96f6\u552e",
    "marketcap": 42166214630.0,
    "enterpriseValue": 62461214630.0,
    "earningsdate": "Dec 4 2025",
    "exdivdate": "Nov 14 2025",
    "sharesOutClass": 662678212.0,
    "sharesout": 662678212.0,
    "sharesgrowthyoy": -5.299,
    "sharesgrowthqoq": 0.151,
    "float": 655917117.0,
    "pe": 16.225,
    "peForward": 12.559,
    "ps": 0.296,
    "psForward": 0.273,
    "pb": 4.545,
    "pegRatio": 1.98,
    "evEarnings": 23.08,
    "evSales": 0.42,
    "evEbitda": 7.78,
    "evEbit": 13.44,
    "evFcf": 28.24,
    "currentRatio": 0.946,
    "quickRatio": 0.425,
    "debtEquity": 2.71,
    "debtEbitda": 2.83,
    "debtFcf": 11.38,
    "interestCoverage": 4.951,
    "assetturnover": 2.799,
    "inventoryturnover": 16.587,
    "shortInterest": 25741308.0,
    "shortShares": 3.884,
    "shortFloat": 3.924,
    "revenue": 147000000000.0,
    "gp": 35155000000.0,
    "opinc": 4649000000.0,
    "pretax": 3414000000.0,
    "netinc": 2706000000.0,
    "ebitda": 8026000000.0,
    "ebit": 4649000000.0,
    "debt": 25178000000.0,
    "workingcapital": -894000000.0,
    "ncfo": 6018000000.0,
    "capex": -3806000000.0,
    "fcf": 2212000000.0,
    "grossMargin": 23.915,
    "operatingMargin": 3.163,
    "pretaxMargin": 2.322,
    "profitMargin": 1.855,
    "ebitdaMargin": 5.46,
    "ebitMargin": 3.163,
    "fcfMargin": 1.505,
    "dividendYield": 2.2,
    "dividendGrowthYears": 18.0,
    "payoutRatio": 34.168,
    "buybackYield": 5.299,
    "earningsYield": 6.417,
    "fcfYield": 5.246,
    "priceTarget": 73.87,
    "revenue5y": 3.13,
    "eps5y": 10.52,
    "currentPrice": 63.63
  },
  "PG": {
    "industry": "\u96f6\u552e",
    "marketcap": 351374623763.0,
    "enterpriseValue": 376149623763.0,
    "earningsdate": "Oct 24 2025",
    "exdivdate": "Apr 21 2025",
    "sharesOutClass": 2336733549.0,
    "sharesout": 2336733549.0,
    "sharesgrowthyoy": -0.911,
    "sharesgrowthqoq": -0.286,
    "float": 2332497208.0,
    "pe": 21.949,
    "peForward": 21.186,
    "ps": 4.155,
    "psForward": 3.89,
    "pb": 6.693,
    "pegRatio": 3.983,
    "evEarnings": 22.83,
    "evSales": 4.43,
    "evEbitda": 15.22,
    "evEbit": 17.22,
    "evFcf": 25.17,
    "currentRatio": 0.714,
    "quickRatio": 0.465,
    "debtEquity": 0.67,
    "debtEbitda": 1.43,
    "debtFcf": 2.41,
    "interestCoverage": 25.222,
    "assetturnover": 0.669,
    "inventoryturnover": 5.468,
    "shortInterest": 16733477.0,
    "shortShares": 0.716,
    "shortFloat": 0.717,
    "revenue": 84933000000.0,
    "gp": 43553000000.0,
    "opinc": 21842000000.0,
    "pretax": 21062000000.0,
    "netinc": 16473000000.0,
    "ebitda": 24722000000.0,
    "ebit": 21842000000.0,
    "debt": 35946000000.0,
    "workingcapital": -10877000000.0,
    "ncfo": 18923000000.0,
    "capex": -3980000000.0,
    "fcf": 14943000000.0,
    "grossMargin": 51.279,
    "operatingMargin": 25.717,
    "pretaxMargin": 24.798,
    "profitMargin": 19.739,
    "ebitdaMargin": 29.108,
    "ebitMargin": 25.717,
    "fcfMargin": 17.594,
    "dividendYield": 2.812,
    "dividendGrowthYears": 69.0,
    "payoutRatio": 61.714,
    "buybackYield": 0.911,
    "earningsYield": 4.688,
    "fcfYield": 4.253,
    "priceTarget": 174.43,
    "revenue5y": 3.94,
    "eps5y": 5.96,
    "currentPrice": 150.37
  },
  "PEP": {
    "industry": "\u98df\u54c1",
    "marketcap": 199754718423.0,
    "enterpriseValue": 241942718423.0,
    "earningsdate": "Oct 9 2025",
    "exdivdate": "Sep 5 2025",
    "sharesOutClass": 1367340122.0,
    "sharesout": 1367340122.0,
    "sharesgrowthyoy": -0.417,
    "sharesgrowthqoq": -0.073,
    "float": 1363616880.0,
    "pe": 27.785,
    "peForward": 17.136,
    "ps": 2.167,
    "psForward": 2.065,
    "pb": 10.316,
    "pegRatio": 4.759,
    "evEarnings": 33.5,
    "evSales": 2.62,
    "evEbitda": 14.22,
    "evEbit": 17.46,
    "evFcf": 35.64,
    "currentRatio": 0.912,
    "quickRatio": 0.676,
    "debtEquity": 2.6,
    "debtEbitda": 2.74,
    "debtFcf": 7.49,
    "interestCoverage": 13.667,
    "assetturnover": 0.892,
    "inventoryturnover": 7.198,
    "shortInterest": 16772527.0,
    "shortShares": 1.227,
    "shortFloat": 1.23,
    "revenue": 92366000000.0,
    "gp": 50126000000.0,
    "opinc": 13858000000.0,
    "pretax": 9053000000.0,
    "netinc": 7223000000.0,
    "ebitda": 17016000000.0,
    "ebit": 13858000000.0,
    "debt": 50849000000.0,
    "workingcapital": -2777000000.0,
    "ncfo": 11755000000.0,
    "capex": -4967000000.0,
    "fcf": 6788000000.0,
    "grossMargin": 54.269,
    "operatingMargin": 15.003,
    "pretaxMargin": 9.801,
    "profitMargin": 7.82,
    "ebitdaMargin": 18.422,
    "ebitMargin": 15.003,
    "fcfMargin": 7.349,
    "dividendYield": 3.895,
    "dividendGrowthYears": 53.0,
    "payoutRatio": 105.651,
    "buybackYield": 0.417,
    "earningsYield": 3.616,
    "fcfYield": 3.398,
    "priceTarget": 157.71,
    "revenue5y": 3.46,
    "eps5y": 6.71,
    "currentPrice": 146.09
  },
  "DPZ": {
    "industry": "\u98df\u54c1",
    "marketcap": 13462456424.0,
    "enterpriseValue": 18374443424.0,
    "earningsdate": "Oct 14 2025",
    "exdivdate": "Dec 15 2025",
    "sharesOutClass": 33783023.0,
    "sharesout": 33786218.0,
    "sharesgrowthyoy": -2.039,
    "sharesgrowthqoq": -0.74,
    "float": 30827783.0,
    "pe": 23.267,
    "peForward": 21.273,
    "ps": 2.809,
    "psForward": 2.609,
    "pb": null,
    "pegRatio": 2.167,
    "evEarnings": 31.17,
    "evSales": 3.79,
    "evEbitda": 18.58,
    "evEbit": 19.69,
    "evFcf": 29.1,
    "currentRatio": 1.609,
    "quickRatio": 0.773,
    "debtEquity": null,
    "debtEbitda": 4.67,
    "debtFcf": 8.0,
    "interestCoverage": 4.765,
    "assetturnover": 2.823,
    "inventoryturnover": 49.312,
    "shortInterest": 2167577.0,
    "shortShares": 6.416,
    "shortFloat": 7.031,
    "revenue": 4848168000.0,
    "gp": 1388383000.0,
    "opinc": 933076000.0,
    "pretax": 760925000.0,
    "netinc": 589505000.0,
    "ebitda": 989062000.0,
    "ebit": 933076000.0,
    "debt": 5051715000.0,
    "workingcapital": 328581000.0,
    "ncfo": 730274000.0,
    "capex": -98751000.0,
    "fcf": 631523000.0,
    "grossMargin": 28.637,
    "operatingMargin": 19.246,
    "pretaxMargin": 15.695,
    "profitMargin": 12.159,
    "ebitdaMargin": 20.401,
    "ebitMargin": 19.246,
    "fcfMargin": 13.026,
    "dividendYield": 1.747,
    "dividendGrowthYears": 11.0,
    "payoutRatio": 40.641,
    "buybackYield": 2.039,
    "earningsYield": 4.379,
    "fcfYield": 4.691,
    "priceTarget": 487.64,
    "revenue5y": 5.57,
    "eps5y": 7.79,
    "currentPrice": 398.46
  },
  "SBUX": {
    "industry": "\u98df\u54c1",
    "marketcap": 91941103000.0,
    "enterpriseValue": 115341803000.0,
    "earningsdate": "Oct 29 2025",
    "exdivdate": "Nov 14 2025",
    "sharesOutClass": 1136900000.0,
    "sharesout": 1136900000.0,
    "sharesgrowthyoy": -0.123,
    "sharesgrowthqoq": 0.097,
    "float": 1134693949.0,
    "pe": 35.015,
    "peForward": 32.474,
    "ps": 2.502,
    "psForward": 2.295,
    "pb": null,
    "pegRatio": 3.619,
    "evEarnings": 43.82,
    "evSales": 3.14,
    "evEbitda": 20.68,
    "evEbit": 29.89,
    "evFcf": 51.18,
    "currentRatio": 0.756,
    "quickRatio": 0.516,
    "debtEquity": null,
    "debtEbitda": 3.17,
    "debtFcf": 12.38,
    "interestCoverage": 7.19,
    "assetturnover": 1.151,
    "inventoryturnover": 13.602,
    "shortInterest": 39612067.0,
    "shortShares": 3.484,
    "shortFloat": 3.491,
    "revenue": 36689300000.0,
    "gp": 8709700000.0,
    "opinc": 3859500000.0,
    "pretax": 3537100000.0,
    "netinc": 2632400000.0,
    "ebitda": 5576400000.0,
    "ebit": 3859500000.0,
    "debt": 27906600000.0,
    "workingcapital": -2720800000.0,
    "ncfo": 4901300000.0,
    "capex": -2647700000.0,
    "fcf": 2253600000.0,
    "grossMargin": 23.739,
    "operatingMargin": 10.519,
    "pretaxMargin": 9.641,
    "profitMargin": 7.175,
    "ebitdaMargin": 15.199,
    "ebitMargin": 10.519,
    "fcfMargin": 6.142,
    "dividendYield": 3.067,
    "dividendGrowthYears": 15.0,
    "payoutRatio": 106.079,
    "buybackYield": 0.123,
    "earningsYield": 2.863,
    "fcfYield": 2.451,
    "priceTarget": 97.0,
    "revenue5y": 9.09,
    "eps5y": 12.93,
    "currentPrice": 80.87
  },
  "PLAY": {
    "industry": "\u98df\u54c1",
    "marketcap": 509251840.0,
    "enterpriseValue": 4041751840.0,
    "earningsdate": "Dec 9 2025",
    "exdivdate": null,
    "sharesOutClass": 34666565.0,
    "sharesout": 34666565.0,
    "sharesgrowthyoy": -11.327,
    "sharesgrowthqoq": -0.142,
    "float": 23852877.0,
    "pe": 56.833,
    "peForward": 12.688,
    "ps": 0.253,
    "psForward": 0.224,
    "pb": 3.064,
    "pegRatio": null,
    "evEarnings": 416.68,
    "evSales": 1.91,
    "evEbitda": 9.36,
    "evEbit": 21.81,
    "evFcf": null,
    "currentRatio": 0.334,
    "quickRatio": 0.145,
    "debtEquity": 21.33,
    "debtEbitda": 5.22,
    "debtFcf": null,
    "interestCoverage": 1.283,
    "assetturnover": 0.533,
    "inventoryturnover": 32.931,
    "shortInterest": 7655350.0,
    "shortShares": 22.083,
    "shortFloat": 32.094,
    "revenue": 2112500000.0,
    "gp": 856200000.0,
    "opinc": 185300000.0,
    "pretax": 7600000.0,
    "netinc": 9700000.0,
    "ebitda": 431600000.0,
    "ebit": 185300000.0,
    "debt": 3544500000.0,
    "workingcapital": -233200000.0,
    "ncfo": 231500000.0,
    "capex": -544900000.0,
    "fcf": -313400000.0,
    "grossMargin": 40.53,
    "operatingMargin": 8.772,
    "pretaxMargin": 0.36,
    "profitMargin": 0.459,
    "ebitdaMargin": 20.431,
    "ebitMargin": 8.772,
    "fcfMargin": null,
    "dividendYield": null,
    "dividendGrowthYears": null,
    "payoutRatio": null,
    "buybackYield": 11.327,
    "earningsYield": 1.905,
    "fcfYield": -61.541,
    "priceTarget": 29.33,
    "revenue5y": null,
    "eps5y": null,
    "currentPrice": 14.69
  },
  "YUM": {
    "industry": "\u98df\u54c1",
    "marketcap": 38358208544.0,
    "enterpriseValue": 49996208544.0,
    "earningsdate": "Nov 4 2025",
    "exdivdate": "Sep 2 2025",
    "sharesOutClass": 277535696.0,
    "sharesout": 277535696.0,
    "sharesgrowthyoy": -0.702,
    "sharesgrowthqoq": -0.355,
    "float": 276776319.0,
    "pe": 27.24,
    "peForward": 22.167,
    "ps": 4.902,
    "psForward": 4.544,
    "pb": null,
    "pegRatio": 2.087,
    "evEarnings": 34.89,
    "evSales": 6.32,
    "evEbitda": 18.11,
    "evEbit": 19.44,
    "evFcf": 32.59,
    "currentRatio": 0.819,
    "quickRatio": 0.668,
    "debtEquity": null,
    "debtEbitda": 4.32,
    "debtFcf": 8.03,
    "interestCoverage": 4.702,
    "assetturnover": 1.188,
    "inventoryturnover": null,
    "shortInterest": 5891247.0,
    "shortShares": 2.123,
    "shortFloat": 2.129,
    "revenue": 7908000000.0,
    "gp": 3657000000.0,
    "opinc": 2572000000.0,
    "pretax": 1959000000.0,
    "netinc": 1433000000.0,
    "ebitda": 2760000000.0,
    "ebit": 2572000000.0,
    "debt": 12315000000.0,
    "workingcapital": -403000000.0,
    "ncfo": 1834000000.0,
    "capex": -300000000.0,
    "fcf": 1534000000.0,
    "grossMargin": 46.244,
    "operatingMargin": 32.524,
    "pretaxMargin": 24.772,
    "profitMargin": 18.121,
    "ebitdaMargin": 34.901,
    "ebitMargin": 32.524,
    "fcfMargin": 19.398,
    "dividendYield": 2.055,
    "dividendGrowthYears": 7.0,
    "payoutRatio": 55.186,
    "buybackYield": 0.702,
    "earningsYield": 3.736,
    "fcfYield": 3.999,
    "priceTarget": 159.22,
    "revenue5y": 7.18,
    "eps5y": 12.94,
    "currentPrice": 138.21
  },
  "CMG": {
    "industry": "\u98df\u54c1",
    "marketcap": 41902989820.0,
    "enterpriseValue": 45461832820.0,
    "earningsdate": "Oct 29 2025",
    "exdivdate": null,
    "sharesOutClass": 1322278000.0,
    "sharesout": 1322278000.0,
    "sharesgrowthyoy": -1.796,
    "sharesgrowthqoq": -0.793,
    "float": 1312896390.0,
    "pe": 28.066,
    "peForward": 26.895,
    "ps": 3.627,
    "psForward": 3.132,
    "pb": 13.039,
    "pegRatio": 1.961,
    "evEarnings": 29.59,
    "evSales": 3.86,
    "evEbitda": 19.42,
    "evEbit": 22.87,
    "evFcf": 28.9,
    "currentRatio": 1.542,
    "quickRatio": 1.415,
    "debtEquity": 1.55,
    "debtEbitda": 1.67,
    "debtFcf": 3.17,
    "interestCoverage": 1379.525,
    "assetturnover": 1.289,
    "inventoryturnover": 146.441,
    "shortInterest": 27380958.0,
    "shortShares": 2.071,
    "shortFloat": 2.086,
    "revenue": 11787400000.0,
    "gp": 4737443000.0,
    "opinc": 1987896000.0,
    "pretax": 2014973000.0,
    "netinc": 1536593000.0,
    "ebitda": 2340452000.0,
    "ebit": 1987896000.0,
    "debt": 4980117000.0,
    "workingcapital": 623716000.0,
    "ncfo": 2214852000.0,
    "capex": -641766000.0,
    "fcf": 1573086000.0,
    "grossMargin": 40.191,
    "operatingMargin": 16.865,
    "pretaxMargin": 17.094,
    "profitMargin": 13.036,
    "ebitdaMargin": 19.856,
    "ebitMargin": 16.865,
    "fcfMargin": 13.345,
    "dividendYield": null,
    "dividendGrowthYears": null,
    "payoutRatio": null,
    "buybackYield": 1.796,
    "earningsYield": 3.667,
    "fcfYield": 3.754,
    "priceTarget": 48.71,
    "revenue5y": 11.63,
    "eps5y": 15.31,
    "currentPrice": 31.69
  },
  "KO": {
    "industry": "\u98df\u54c1",
    "marketcap": 296380849421.0,
    "enterpriseValue": 328760849421.0,
    "earningsdate": "Oct 21 2025",
    "exdivdate": "Dec 1 2025",
    "sharesOutClass": 4301608845.0,
    "sharesout": 4301608845.0,
    "sharesgrowthyoy": -0.197,
    "sharesgrowthqoq": -0.046,
    "float": 3868637719.0,
    "pe": 22.817,
    "peForward": 21.558,
    "ps": 6.221,
    "psForward": 5.671,
    "pb": 9.486,
    "pegRatio": 3.034,
    "evEarnings": 25.23,
    "evSales": 6.9,
    "evEbitda": 20.16,
    "evEbit": 21.6,
    "evFcf": 59.02,
    "currentRatio": 1.211,
    "quickRatio": 0.877,
    "debtEquity": 1.45,
    "debtEbitda": 2.89,
    "debtFcf": 8.65,
    "interestCoverage": 9.2,
    "assetturnover": 0.449,
    "inventoryturnover": 3.843,
    "shortInterest": 33409600.0,
    "shortShares": 0.777,
    "shortFloat": 0.864,
    "revenue": 47663000000.0,
    "gp": 29376000000.0,
    "opinc": 15217000000.0,
    "pretax": 15842000000.0,
    "netinc": 13031000000.0,
    "ebitda": 16307000000.0,
    "ebit": 15217000000.0,
    "debt": 48161000000.0,
    "workingcapital": 4748000000.0,
    "ncfo": 7603000000.0,
    "capex": -2033000000.0,
    "fcf": 5570000000.0,
    "grossMargin": 61.633,
    "operatingMargin": 31.926,
    "pretaxMargin": 33.238,
    "profitMargin": 27.34,
    "ebitdaMargin": 34.213,
    "ebitMargin": 31.926,
    "fcfMargin": 11.686,
    "dividendYield": 2.961,
    "dividendGrowthYears": 63.0,
    "payoutRatio": 67.556,
    "buybackYield": 0.197,
    "earningsYield": 4.397,
    "fcfYield": 1.879,
    "priceTarget": 78.0,
    "revenue5y": 5.16,
    "eps5y": 10.39,
    "currentPrice": 68.9
  },
  "CELH": {
    "industry": "\u98df\u54c1",
    "marketcap": 15536095711.0,
    "enterpriseValue": 15817781711.0,
    "earningsdate": "Nov 6 2025",
    "exdivdate": null,
    "sharesOutClass": 257946135.0,
    "sharesout": 257946135.0,
    "sharesgrowthyoy": 2.332,
    "sharesgrowthqoq": 9.714,
    "float": 197788925.0,
    "pe": 152.602,
    "peForward": 49.478,
    "ps": 8.69,
    "psForward": 5.122,
    "pb": 12.255,
    "pegRatio": 1.271,
    "evEarnings": 164.95,
    "evSales": 9.49,
    "evEbitda": 104.52,
    "evEbit": 117.18,
    "evFcf": 75.02,
    "currentRatio": 2.109,
    "quickRatio": 1.676,
    "debtEquity": 0.43,
    "debtEbitda": 5.82,
    "debtFcf": 4.25,
    "interestCoverage": 7.466,
    "assetturnover": 0.604,
    "inventoryturnover": 4.014,
    "shortInterest": 15944532.0,
    "shortShares": 6.181,
    "shortFloat": 8.061,
    "revenue": 1666480000.0,
    "gp": 842126000.0,
    "opinc": 134986000.0,
    "pretax": 188416000.0,
    "netinc": 95894000.0,
    "ebitda": 151342000.0,
    "ebit": 134986000.0,
    "debt": 896919000.0,
    "workingcapital": 731437000.0,
    "ncfo": 235685000.0,
    "capex": -24845000.0,
    "fcf": 210840000.0,
    "grossMargin": 50.533,
    "operatingMargin": 8.1,
    "pretaxMargin": 11.306,
    "profitMargin": 7.906,
    "ebitdaMargin": 9.082,
    "ebitMargin": 8.1,
    "fcfMargin": 12.652,
    "dividendYield": null,
    "dividendGrowthYears": null,
    "payoutRatio": null,
    "buybackYield": -2.332,
    "earningsYield": 0.617,
    "fcfYield": 1.357,
    "priceTarget": 64.06,
    "revenue5y": 26.36,
    "eps5y": 40.0,
    "currentPrice": 60.23
  },
  "TSN": {
    "industry": "\u98df\u54c1",
    "marketcap": 18290104186.0,
    "enterpriseValue": 25692104186.0,
    "earningsdate": "Nov 10 2025",
    "exdivdate": "Dec 1 2025",
    "sharesOutClass": 285760382.0,
    "sharesout": 355769387.0,
    "sharesgrowthyoy": 1.203,
    "sharesgrowthqoq": null,
    "float": 278655598.0,
    "pe": 23.393,
    "peForward": 14.234,
    "ps": 0.337,
    "psForward": 0.326,
    "pb": 0.997,
    "pegRatio": 0.926,
    "evEarnings": 32.77,
    "evSales": 0.47,
    "evEbitda": 7.73,
    "evEbit": 12.68,
    "evFcf": 19.79,
    "currentRatio": 1.733,
    "quickRatio": 0.703,
    "debtEquity": 0.49,
    "debtEbitda": 2.23,
    "debtFcf": 6.98,
    "interestCoverage": 4.283,
    "assetturnover": 1.46,
    "inventoryturnover": 9.558,
    "shortInterest": 9118130.0,
    "shortShares": 2.563,
    "shortFloat": 3.272,
    "revenue": 54146000000.0,
    "gp": 4114000000.0,
    "opinc": 2026000000.0,
    "pretax": 1176000000.0,
    "netinc": 784000000.0,
    "ebitda": 3322000000.0,
    "ebit": 2026000000.0,
    "debt": 9065000000.0,
    "workingcapital": 4169000000.0,
    "ncfo": 2237000000.0,
    "capex": -939000000.0,
    "fcf": 1298000000.0,
    "grossMargin": 7.598,
    "operatingMargin": 3.742,
    "pretaxMargin": 2.172,
    "profitMargin": 1.448,
    "ebitdaMargin": 6.135,
    "ebitMargin": 3.742,
    "fcfMargin": 2.397,
    "dividendYield": 3.89,
    "dividendGrowthYears": 11.0,
    "payoutRatio": 91.007,
    "buybackYield": -1.203,
    "earningsYield": 4.286,
    "fcfYield": 7.097,
    "priceTarget": 62.3,
    "revenue5y": 2.24,
    "eps5y": 30.77,
    "currentPrice": 51.41
  },
  "HIMS": {
    "industry": "\u98df\u54c1",
    "marketcap": 10274850152.0,
    "enterpriseValue": 10174623152.0,
    "earningsdate": "Nov 3 2025",
    "exdivdate": null,
    "sharesOutClass": 217641958.0,
    "sharesout": 226019581.0,
    "sharesgrowthyoy": 11.148,
    "sharesgrowthqoq": 4.124,
    "float": 204264861.0,
    "pe": 57.631,
    "peForward": 62.886,
    "ps": 4.979,
    "psForward": 3.963,
    "pb": 18.239,
    "pegRatio": 3.414,
    "evEarnings": 52.55,
    "evSales": 5.05,
    "evEbitda": 63.53,
    "evEbit": 77.69,
    "evFcf": 76.86,
    "currentRatio": 4.979,
    "quickRatio": 4.229,
    "debtEquity": 1.86,
    "debtEbitda": 6.27,
    "debtFcf": 7.89,
    "interestCoverage": 114.885,
    "assetturnover": 1.708,
    "inventoryturnover": 5.255,
    "shortInterest": 66883420.0,
    "shortShares": 29.592,
    "shortFloat": 32.743,
    "revenue": 2013538000.0,
    "gp": 1534312000.0,
    "opinc": 130969000.0,
    "pretax": 139232000.0,
    "netinc": 193603000.0,
    "ebitda": 160154000.0,
    "ebit": 130969000.0,
    "debt": 1044388000.0,
    "workingcapital": 1083334000.0,
    "ncfo": 261625000.0,
    "capex": -129254000.0,
    "fcf": 132371000.0,
    "grossMargin": 76.2,
    "operatingMargin": 6.504,
    "pretaxMargin": 6.915,
    "profitMargin": 9.615,
    "ebitdaMargin": 7.954,
    "ebitMargin": 6.504,
    "fcfMargin": 6.574,
    "dividendYield": null,
    "dividendGrowthYears": null,
    "payoutRatio": null,
    "buybackYield": -11.148,
    "earningsYield": 1.884,
    "fcfYield": 1.288,
    "priceTarget": 37.2,
    "revenue5y": 21.55,
    "eps5y": null,
    "currentPrice": 45.46
  },
  "DIN": {
    "industry": "\u98df\u54c1",
    "marketcap": 380176865.0,
    "enterpriseValue": 1826363865.0,
    "earningsdate": "Nov 5 2025",
    "exdivdate": "Sep 19 2025",
    "sharesOutClass": 15379323.0,
    "sharesout": 15379323.0,
    "sharesgrowthyoy": -1.052,
    "sharesgrowthqoq": -0.188,
    "float": 14841807.0,
    "pe": 8.274,
    "peForward": 5.77,
    "ps": 0.436,
    "psForward": 0.418,
    "pb": null,
    "pegRatio": null,
    "evEarnings": 40.93,
    "evSales": 2.16,
    "evEbitda": 9.57,
    "evEbit": 12.15,
    "evFcf": 19.74,
    "currentRatio": 0.86,
    "quickRatio": 0.662,
    "debtEquity": null,
    "debtEbitda": 8.59,
    "debtFcf": 17.73,
    "interestCoverage": 2.095,
    "assetturnover": 0.485,
    "inventoryturnover": null,
    "shortInterest": 1901318.0,
    "shortShares": 12.363,
    "shortFloat": 12.811,
    "revenue": 845368000.0,
    "gp": 365597000.0,
    "opinc": 150293000.0,
    "pretax": 65999000.0,
    "netinc": 44618000.0,
    "ebitda": 190871000.0,
    "ebit": 150293000.0,
    "debt": 1640388000.0,
    "workingcapital": -60498000.0,
    "ncfo": 109086000.0,
    "capex": -16553000.0,
    "fcf": 92533000.0,
    "grossMargin": 43.247,
    "operatingMargin": 17.778,
    "pretaxMargin": 7.807,
    "profitMargin": 5.471,
    "ebitdaMargin": 22.578,
    "ebitMargin": 17.778,
    "fcfMargin": 10.946,
    "dividendYield": 8.252,
    "dividendGrowthYears": null,
    "payoutRatio": 68.279,
    "buybackYield": 1.052,
    "earningsYield": 11.736,
    "fcfYield": 24.339,
    "priceTarget": 28.71,
    "revenue5y": null,
    "eps5y": null,
    "currentPrice": 24.72
  },
  "MCD": {
    "industry": "\u98df\u54c1",
    "marketcap": 212960971239.0,
    "enterpriseValue": 266973971239.0,
    "earningsdate": "Nov 5 2025",
    "exdivdate": "Dec 1 2025",
    "sharesOutClass": 713604434.0,
    "sharesout": 713604434.0,
    "sharesgrowthyoy": -1.101,
    "sharesgrowthqoq": -0.084,
    "float": 712379053.0,
    "pe": 25.569,
    "peForward": 23.401,
    "ps": 8.194,
    "psForward": 7.635,
    "pb": null,
    "pegRatio": 3.299,
    "evEarnings": 31.81,
    "evSales": 10.24,
    "evEbitda": 18.84,
    "evEbit": 22.21,
    "evFcf": 38.7,
    "currentRatio": 1.303,
    "quickRatio": 1.03,
    "debtEquity": null,
    "debtEbitda": 3.54,
    "debtFcf": 8.1,
    "interestCoverage": 7.877,
    "assetturnover": 0.46,
    "inventoryturnover": 221.941,
    "shortInterest": 7318888.0,
    "shortShares": 1.026,
    "shortFloat": 1.027,
    "revenue": 26060000000.0,
    "gp": 14852000000.0,
    "opinc": 12021000000.0,
    "pretax": 10570000000.0,
    "netinc": 8393000000.0,
    "ebitda": 14170000000.0,
    "ebit": 12021000000.0,
    "debt": 55892000000.0,
    "workingcapital": 1303000000.0,
    "ncfo": 9794000000.0,
    "capex": -2896000000.0,
    "fcf": 6898000000.0,
    "grossMargin": 56.992,
    "operatingMargin": 46.128,
    "pretaxMargin": 40.56,
    "profitMargin": 32.206,
    "ebitdaMargin": 54.375,
    "ebitMargin": 46.128,
    "fcfMargin": 26.47,
    "dividendYield": 2.372,
    "dividendGrowthYears": 50.0,
    "payoutRatio": 61.431,
    "buybackYield": 1.101,
    "earningsYield": 3.941,
    "fcfYield": 3.239,
    "priceTarget": 324.17,
    "revenue5y": 5.33,
    "eps5y": 9.87,
    "currentPrice": 298.43
  },
  "FIZZ": {
    "industry": "\u98df\u54c1",
    "marketcap": 3208365830.0,
    "enterpriseValue": 3028438830.0,
    "earningsdate": "Dec 4 2025",
    "exdivdate": null,
    "sharesOutClass": 93620246.0,
    "sharesout": 93620246.0,
    "sharesgrowthyoy": 0.052,
    "sharesgrowthqoq": 0.015,
    "float": 23689518.0,
    "pe": 17.308,
    "peForward": 16.666,
    "ps": 2.668,
    "psForward": 2.546,
    "pb": 6.302,
    "pegRatio": null,
    "evEarnings": 16.3,
    "evSales": 2.52,
    "evEbitda": 11.76,
    "evEbit": 12.79,
    "evFcf": 17.54,
    "currentRatio": 3.242,
    "quickRatio": 2.426,
    "debtEquity": 0.14,
    "debtEbitda": 0.25,
    "debtFcf": 0.4,
    "interestCoverage": null,
    "assetturnover": 1.908,
    "inventoryturnover": 8.187,
    "shortInterest": 3098303.0,
    "shortShares": 3.309,
    "shortFloat": 13.079,
    "revenue": 1202396000.0,
    "gp": 446972000.0,
    "opinc": 236720000.0,
    "pretax": 243715000.0,
    "netinc": 185801000.0,
    "ebitda": 257533000.0,
    "ebit": 236720000.0,
    "debt": 69904000.0,
    "workingcapital": 329247000.0,
    "ncfo": 208286000.0,
    "capex": -35672000.0,
    "fcf": 172614000.0,
    "grossMargin": 37.173,
    "operatingMargin": 19.687,
    "pretaxMargin": 20.269,
    "profitMargin": 15.453,
    "ebitdaMargin": 21.418,
    "ebitMargin": 19.687,
    "fcfMargin": 14.356,
    "dividendYield": null,
    "dividendGrowthYears": 1.0,
    "payoutRatio": null,
    "buybackYield": -0.052,
    "earningsYield": 5.791,
    "fcfYield": 5.38,
    "priceTarget": 39.0,
    "revenue5y": null,
    "eps5y": null,
    "currentPrice": 34.27
  },
  "BLMN": {
    "industry": "\u98df\u54c1",
    "marketcap": 581017322.0,
    "enterpriseValue": 2703531322.0,
    "earningsdate": "Nov 6 2025",
    "exdivdate": "Aug 19 2025",
    "sharesOutClass": 85068422.0,
    "sharesout": 85068422.0,
    "sharesgrowthyoy": -6.663,
    "sharesgrowthqoq": 0.012,
    "float": 75139219.0,
    "pe": 7.583,
    "peForward": 6.542,
    "ps": 0.148,
    "psForward": 0.144,
    "pb": 1.463,
    "pegRatio": null,
    "evEarnings": null,
    "evSales": 0.69,
    "evEbitda": 7.74,
    "evEbit": 15.78,
    "evFcf": 70.63,
    "currentRatio": 0.427,
    "quickRatio": 0.296,
    "debtEquity": 5.41,
    "debtEbitda": 4.1,
    "debtFcf": 56.77,
    "interestCoverage": 3.086,
    "assetturnover": 1.174,
    "inventoryturnover": 51.503,
    "shortInterest": 9367374.0,
    "shortShares": 11.012,
    "shortFloat": 12.467,
    "revenue": 3933993000.0,
    "gp": 554529000.0,
    "opinc": 171286000.0,
    "pretax": 52891000.0,
    "netinc": -4978000.0,
    "ebitda": 349321000.0,
    "ebit": 171286000.0,
    "debt": 2172822000.0,
    "workingcapital": -445234000.0,
    "ncfo": 235068000.0,
    "capex": -196792000.0,
    "fcf": 38276000.0,
    "grossMargin": 14.096,
    "operatingMargin": 4.354,
    "pretaxMargin": 1.344,
    "profitMargin": -0.127,
    "ebitdaMargin": 8.88,
    "ebitMargin": 4.354,
    "fcfMargin": 0.973,
    "dividendYield": 8.785,
    "dividendGrowthYears": null,
    "payoutRatio": null,
    "buybackYield": 6.663,
    "earningsYield": -0.857,
    "fcfYield": 6.588,
    "priceTarget": 9.25,
    "revenue5y": null,
    "eps5y": null,
    "currentPrice": 6.83
  },
  "MNST": {
    "industry": "\u98df\u54c1",
    "marketcap": 65254695871.0,
    "enterpriseValue": 63247998871.0,
    "earningsdate": "Nov 6 2025",
    "exdivdate": null,
    "sharesOutClass": 976428189.0,
    "sharesout": 976428189.0,
    "sharesgrowthyoy": -6.477,
    "sharesgrowthqoq": 0.277,
    "float": 694103803.0,
    "pe": 41.646,
    "peForward": 33.109,
    "ps": 8.501,
    "psForward": 7.577,
    "pb": 9.074,
    "pegRatio": 2.19,
    "evEarnings": 40.2,
    "evSales": 8.26,
    "evEbitda": 27.71,
    "evEbit": 28.89,
    "evFcf": 34.1,
    "currentRatio": 3.519,
    "quickRatio": 2.856,
    "debtEquity": 0.01,
    "debtEbitda": 0.03,
    "debtFcf": 0.04,
    "interestCoverage": 2132.042,
    "assetturnover": 0.912,
    "inventoryturnover": 4.6,
    "shortInterest": 18129401.0,
    "shortShares": 1.857,
    "shortFloat": 2.612,
    "revenue": 7659164000.0,
    "gp": 4226619000.0,
    "opinc": 2189607000.0,
    "pretax": 2084878000.0,
    "netinc": 1573417000.0,
    "ebitda": 2282533000.0,
    "ebit": 2189607000.0,
    "debt": 65483000.0,
    "workingcapital": 3170722000.0,
    "ncfo": 2053716000.0,
    "capex": -198722000.0,
    "fcf": 1854994000.0,
    "grossMargin": 55.184,
    "operatingMargin": 28.588,
    "pretaxMargin": 27.221,
    "profitMargin": 20.543,
    "ebitdaMargin": 29.801,
    "ebitMargin": 28.588,
    "fcfMargin": 24.219,
    "dividendYield": null,
    "dividendGrowthYears": null,
    "payoutRatio": null,
    "buybackYield": 6.477,
    "earningsYield": 2.411,
    "fcfYield": 2.843,
    "priceTarget": 67.79,
    "revenue5y": 8.71,
    "eps5y": 16.54,
    "currentPrice": 66.83
  },
  "JACK": {
    "industry": "\u98df\u54c1",
    "marketcap": 302875557.0,
    "enterpriseValue": 3395479557.0,
    "earningsdate": "Nov 19 2025",
    "exdivdate": "Mar 20 2025",
    "sharesOutClass": 18882516.0,
    "sharesout": 18882516.0,
    "sharesgrowthyoy": -3.655,
    "sharesgrowthqoq": 0.572,
    "float": 14316868.0,
    "pe": null,
    "peForward": 3.662,
    "ps": 0.206,
    "psForward": 0.206,
    "pb": null,
    "pegRatio": null,
    "evEarnings": null,
    "evSales": 2.28,
    "evEbitda": 11.74,
    "evEbit": 15.01,
    "evFcf": 68.8,
    "currentRatio": 0.463,
    "quickRatio": 0.288,
    "debtEquity": null,
    "debtEbitda": 5.86,
    "debtFcf": 63.43,
    "interestCoverage": 2.796,
    "assetturnover": 0.557,
    "inventoryturnover": 267.464,
    "shortInterest": 4504311.0,
    "shortShares": 23.854,
    "shortFloat": 31.462,
    "revenue": 1488411000.0,
    "gp": 431794000.0,
    "opinc": 226244000.0,
    "pretax": -76271000.0,
    "netinc": -64573000.0,
    "ebitda": 289239000.0,
    "ebit": 226244000.0,
    "debt": 3130618000.0,
    "workingcapital": -232512000.0,
    "ncfo": 158179000.0,
    "capex": -108826000.0,
    "fcf": 49353000.0,
    "grossMargin": 29.01,
    "operatingMargin": 15.2,
    "pretaxMargin": -5.124,
    "profitMargin": -4.338,
    "ebitdaMargin": 19.433,
    "ebitMargin": 15.2,
    "fcfMargin": 3.316,
    "dividendYield": 5.486,
    "dividendGrowthYears": null,
    "payoutRatio": null,
    "buybackYield": 3.655,
    "earningsYield": -21.32,
    "fcfYield": 16.295,
    "priceTarget": 30.13,
    "revenue5y": -0.32,
    "eps5y": null,
    "currentPrice": 16.04
  },
  "CAKE": {
    "industry": "\u98df\u54c1",
    "marketcap": 2480559265.0,
    "enterpriseValue": 4431966265.0,
    "earningsdate": "Oct 28 2025",
    "exdivdate": "Nov 10 2025",
    "sharesOutClass": 49810427.0,
    "sharesout": 49810427.0,
    "sharesgrowthyoy": 0.349,
    "sharesgrowthqoq": 1.069,
    "float": 45882115.0,
    "pe": 15.139,
    "peForward": 12.604,
    "ps": 0.632,
    "psForward": 0.618,
    "pb": 6.184,
    "pegRatio": 1.35,
    "evEarnings": 27.56,
    "evSales": 1.19,
    "evEbitda": 13.63,
    "evEbit": 20.29,
    "evFcf": null,
    "currentRatio": null,
    "quickRatio": null,
    "debtEquity": 5.24,
    "debtEbitda": 6.46,
    "debtFcf": null,
    "interestCoverage": 22.792,
    "assetturnover": null,
    "inventoryturnover": null,
    "shortInterest": 9312439.0,
    "shortShares": 18.696,
    "shortFloat": 20.296,
    "revenue": 3711211000.0,
    "gp": 1493286000.0,
    "opinc": 218464000.0,
    "pretax": 177529000.0,
    "netinc": 160806000.0,
    "ebitda": 325079000.0,
    "ebit": 218464000.0,
    "debt": 2100170000.0,
    "workingcapital": null,
    "ncfo": null,
    "capex": null,
    "fcf": null,
    "grossMargin": 40.237,
    "operatingMargin": 5.887,
    "pretaxMargin": 4.784,
    "profitMargin": 4.333,
    "ebitdaMargin": 8.759,
    "ebitMargin": 5.887,
    "fcfMargin": null,
    "dividendYield": 2.169,
    "dividendGrowthYears": null,
    "payoutRatio": 32.831,
    "buybackYield": -0.349,
    "earningsYield": 6.483,
    "fcfYield": null,
    "priceTarget": 58.07,
    "revenue5y": null,
    "eps5y": null,
    "currentPrice": 49.8
  },
  "DENN": {
    "industry": "\u98df\u54c1",
    "marketcap": 201361067.0,
    "enterpriseValue": 617614067.0,
    "earningsdate": "Nov 3 2025",
    "exdivdate": null,
    "sharesOutClass": 51498994.0,
    "sharesout": 51498994.0,
    "sharesgrowthyoy": -3.196,
    "sharesgrowthqoq": -0.595,
    "float": 49698990.0,
    "pe": 13.01,
    "peForward": 8.846,
    "ps": 0.447,
    "psForward": 0.404,
    "pb": null,
    "pegRatio": null,
    "evEarnings": 38.34,
    "evSales": 1.36,
    "evEbitda": 9.77,
    "evEbit": 13.1,
    "evFcf": null,
    "currentRatio": 0.367,
    "quickRatio": 0.24,
    "debtEquity": null,
    "debtEbitda": 5.59,
    "debtFcf": null,
    "interestCoverage": 2.511,
    "assetturnover": 0.958,
    "inventoryturnover": 138.519,
    "shortInterest": 4368327.0,
    "shortShares": 8.482,
    "shortFloat": 8.79,
    "revenue": 455727000.0,
    "gp": 177026000.0,
    "opinc": 47163000.0,
    "pretax": 22641000.0,
    "netinc": 16108000.0,
    "ebitda": 63189000.0,
    "ebit": 47163000.0,
    "debt": 417419000.0,
    "workingcapital": -55651000.0,
    "ncfo": 29459000.0,
    "capex": -35005000.0,
    "fcf": -5546000.0,
    "grossMargin": 38.845,
    "operatingMargin": 10.349,
    "pretaxMargin": 4.968,
    "profitMargin": 3.535,
    "ebitdaMargin": 13.866,
    "ebitMargin": 10.349,
    "fcfMargin": null,
    "dividendYield": null,
    "dividendGrowthYears": null,
    "payoutRatio": null,
    "buybackYield": 3.196,
    "earningsYield": 8.0,
    "fcfYield": -2.754,
    "priceTarget": 5.45,
    "revenue5y": null,
    "eps5y": null,
    "currentPrice": 3.91
  },
  "AVGO": {
    "industry": "\u534a\u5c0e\u9ad4",
    "marketcap": 1745527783082.0,
    "enterpriseValue": 1799038783082.0,
    "earningsdate": "Dec 11 2025",
    "exdivdate": "Sep 22 2025",
    "sharesOutClass": 4722365022.0,
    "sharesout": 4722365022.0,
    "sharesgrowthyoy": 4.296,
    "sharesgrowthqoq": 0.705,
    "float": 4662552942.0,
    "pe": 94.949,
    "peForward": 43.984,
    "ps": 28.979,
    "psForward": 21.932,
    "pb": 23.819,
    "pegRatio": 1.479,
    "evEarnings": 95.03,
    "evSales": 30.02,
    "evEbitda": 54.94,
    "evEbit": 75.78,
    "evFcf": 72.16,
    "currentRatio": 1.497,
    "quickRatio": 1.279,
    "debtEquity": 0.88,
    "debtEbitda": 1.95,
    "debtFcf": 2.58,
    "interestCoverage": 7.055,
    "assetturnover": 0.359,
    "inventoryturnover": 6.712,
    "shortInterest": 52626360.0,
    "shortShares": 1.114,
    "shortFloat": 1.129,
    "revenue": 59926000000.0,
    "gp": 46254000000.0,
    "opinc": 23739000000.0,
    "pretax": 19623000000.0,
    "netinc": 18932000000.0,
    "ebitda": 32746000000.0,
    "ebit": 23739000000.0,
    "debt": 64229000000.0,
    "workingcapital": 8294000000.0,
    "ncfo": 25438000000.0,
    "capex": -508000000.0,
    "fcf": 24930000000.0,
    "grossMargin": 77.185,
    "operatingMargin": 39.614,
    "pretaxMargin": 32.745,
    "profitMargin": 31.592,
    "ebitdaMargin": 54.644,
    "ebitMargin": 39.614,
    "fcfMargin": 41.601,
    "dividendYield": 0.638,
    "dividendGrowthYears": 15.0,
    "payoutRatio": 60.242,
    "buybackYield": -4.296,
    "earningsYield": 1.085,
    "fcfYield": 1.428,
    "priceTarget": 353.86,
    "revenue5y": 22.53,
    "eps5y": null,
    "currentPrice": 369.63
  },
  "QCOM": {
    "industry": "\u534a\u5c0e\u9ad4",
    "marketcap": 193896730832.0,
    "enterpriseValue": 198673730832.0,
    "earningsdate": "Nov 5 2025",
    "exdivdate": "Dec 4 2025",
    "sharesOutClass": 1071844836.0,
    "sharesout": 1071844836.0,
    "sharesgrowthyoy": -1.107,
    "sharesgrowthqoq": -1.435,
    "float": 1069559158.0,
    "pe": 17.462,
    "peForward": 15.153,
    "ps": 4.623,
    "psForward": 4.313,
    "pb": 7.207,
    "pegRatio": 2.719,
    "evEarnings": 17.16,
    "evSales": 4.59,
    "evEbitda": 14.32,
    "evEbit": 16.28,
    "evFcf": 17.09,
    "currentRatio": 3.194,
    "quickRatio": 1.721,
    "debtEquity": 0.54,
    "debtEbitda": 1.05,
    "debtFcf": 1.27,
    "interestCoverage": 18.129,
    "assetturnover": 0.804,
    "inventoryturnover": 2.689,
    "shortInterest": 23760181.0,
    "shortShares": 2.217,
    "shortFloat": 2.221,
    "revenue": 43257000000.0,
    "gp": 24086000000.0,
    "opinc": 12201000000.0,
    "pretax": 12288000000.0,
    "netinc": 11578000000.0,
    "ebitda": 13871000000.0,
    "ebit": 12201000000.0,
    "debt": 14788000000.0,
    "workingcapital": 17113000000.0,
    "ncfo": 12663000000.0,
    "capex": -1041000000.0,
    "fcf": 11622000000.0,
    "grossMargin": 55.681,
    "operatingMargin": 28.206,
    "pretaxMargin": 28.407,
    "profitMargin": 26.766,
    "ebitdaMargin": 32.066,
    "ebitMargin": 28.206,
    "fcfMargin": 26.867,
    "dividendYield": 1.968,
    "dividendGrowthYears": 22.0,
    "payoutRatio": 33.963,
    "buybackYield": 1.107,
    "earningsYield": 5.971,
    "fcfYield": 5.994,
    "priceTarget": 184.35,
    "revenue5y": null,
    "eps5y": 11.51,
    "currentPrice": 180.9
  },
  "SWKS": {
    "industry": "\u534a\u5c0e\u9ad4",
    "marketcap": 11555391491.0,
    "enterpriseValue": 11426491491.0,
    "earningsdate": "Nov 4 2025",
    "exdivdate": "Nov 18 2025",
    "sharesOutClass": 148679767.0,
    "sharesout": 148679767.0,
    "sharesgrowthyoy": -1.999,
    "sharesgrowthqoq": -5.353,
    "float": 147846924.0,
    "pe": 31.046,
    "peForward": 16.898,
    "ps": 3.045,
    "psForward": 3.086,
    "pb": 2.04,
    "pegRatio": null,
    "evEarnings": 28.84,
    "evSales": 2.85,
    "evEbitda": 13.18,
    "evEbit": 19.33,
    "evFcf": 8.43,
    "currentRatio": 2.387,
    "quickRatio": 1.422,
    "debtEquity": 0.21,
    "debtEbitda": 1.31,
    "debtFcf": 0.89,
    "interestCoverage": 21.808,
    "assetturnover": 0.503,
    "inventoryturnover": 3.07,
    "shortInterest": 10580806.0,
    "shortShares": 7.117,
    "shortFloat": 7.157,
    "revenue": 4011700000.0,
    "gp": 1664400000.0,
    "opinc": 591000000.0,
    "pretax": 463100000.0,
    "netinc": 396200000.0,
    "ebitda": 866900000.0,
    "ebit": 591000000.0,
    "debt": 1207800000.0,
    "workingcapital": 1671400000.0,
    "ncfo": 1576900000.0,
    "capex": -221800000.0,
    "fcf": 1355100000.0,
    "grossMargin": 41.489,
    "operatingMargin": 14.732,
    "pretaxMargin": 11.544,
    "profitMargin": 9.876,
    "ebitdaMargin": 21.609,
    "ebitMargin": 14.732,
    "fcfMargin": 33.779,
    "dividendYield": 3.603,
    "dividendGrowthYears": 11.0,
    "payoutRatio": 112.646,
    "buybackYield": 1.999,
    "earningsYield": 3.429,
    "fcfYield": 11.727,
    "priceTarget": 82.88,
    "revenue5y": 3.14,
    "eps5y": 17.38,
    "currentPrice": 77.72
  },
  "NVDA": {
    "industry": "\u534a\u5c0e\u9ad4",
    "marketcap": 4920507000000.0,
    "enterpriseValue": 4874314000000.0,
    "earningsdate": "Nov 19 2025",
    "exdivdate": "Sep 11 2025",
    "sharesOutClass": 24300000000.0,
    "sharesout": 24300000000.0,
    "sharesgrowthyoy": -0.986,
    "sharesgrowthqoq": -0.321,
    "float": 23327753884.0,
    "pe": 57.682,
    "peForward": 35.111,
    "ps": 29.975,
    "psForward": 19.494,
    "pb": 49.236,
    "pegRatio": 0.98,
    "evEarnings": 56.29,
    "evSales": 29.5,
    "evEbitda": 49.6,
    "evEbit": 50.78,
    "evFcf": 67.68,
    "currentRatio": 4.214,
    "quickRatio": 3.488,
    "debtEquity": 0.11,
    "debtEbitda": 0.11,
    "debtFcf": 0.15,
    "interestCoverage": 390.163,
    "assetturnover": 1.462,
    "inventoryturnover": 4.605,
    "shortInterest": 210957056.0,
    "shortShares": 0.868,
    "shortFloat": 0.904,
    "revenue": 165218000000.0,
    "gp": 115400000000.0,
    "opinc": 95980000000.0,
    "pretax": 100650000000.0,
    "netinc": 86597000000.0,
    "ebitda": 98281000000.0,
    "ebit": 95980000000.0,
    "debt": 10598000000.0,
    "workingcapital": 77962000000.0,
    "ncfo": 77035000000.0,
    "capex": -5012000000.0,
    "fcf": 72023000000.0,
    "grossMargin": 69.847,
    "operatingMargin": 58.093,
    "pretaxMargin": 60.92,
    "profitMargin": 52.414,
    "ebitdaMargin": 59.486,
    "ebitMargin": 58.093,
    "fcfMargin": 43.593,
    "dividendYield": 0.02,
    "dividendGrowthYears": 1.0,
    "payoutRatio": 1.139,
    "buybackYield": 0.986,
    "earningsYield": 1.76,
    "fcfYield": 1.464,
    "priceTarget": 213.76,
    "revenue5y": 24.21,
    "eps5y": 25.34,
    "currentPrice": 202.49
  },
  "AMD": {
    "industry": "\u534a\u5c0e\u9ad4",
    "marketcap": 415642725627.0,
    "enterpriseValue": 413661725627.0,
    "earningsdate": "Nov 4 2025",
    "exdivdate": null,
    "sharesOutClass": 1622843689.0,
    "sharesout": 1622843689.0,
    "sharesgrowthyoy": -0.366,
    "sharesgrowthqoq": 0.246,
    "float": 1611353760.0,
    "pe": 153.37,
    "peForward": 50.432,
    "ps": 14.035,
    "psForward": 11.372,
    "pb": 6.963,
    "pegRatio": 1.275,
    "evEarnings": 145.96,
    "evSales": 13.98,
    "evEbitda": 75.07,
    "evEbit": 165.46,
    "evFcf": 102.32,
    "currentRatio": 2.491,
    "quickRatio": 1.174,
    "debtEquity": 0.07,
    "debtEbitda": 0.67,
    "debtFcf": 0.96,
    "interestCoverage": 25.0,
    "assetturnover": 0.415,
    "inventoryturnover": 2.487,
    "shortInterest": 38861080.0,
    "shortShares": 2.395,
    "shortFloat": 2.412,
    "revenue": 29600000000.0,
    "gp": 15092000000.0,
    "opinc": 2500000000.0,
    "pretax": 2411000000.0,
    "netinc": 2834000000.0,
    "ebitda": 5510000000.0,
    "ebit": 2500000000.0,
    "debt": 3886000000.0,
    "workingcapital": 14676000000.0,
    "ncfo": 4877000000.0,
    "capex": -834000000.0,
    "fcf": 4043000000.0,
    "grossMargin": 50.986,
    "operatingMargin": 8.446,
    "pretaxMargin": 8.145,
    "profitMargin": 9.574,
    "ebitdaMargin": 18.615,
    "ebitMargin": 8.446,
    "fcfMargin": 13.659,
    "dividendYield": null,
    "dividendGrowthYears": null,
    "payoutRatio": null,
    "buybackYield": 0.366,
    "earningsYield": 0.682,
    "fcfYield": 0.973,
    "priceTarget": 218.06,
    "revenue5y": 18.79,
    "eps5y": 60.53,
    "currentPrice": 256.12
  },
  "CLS": {
    "industry": "\u534a\u5c0e\u9ad4",
    "marketcap": 39637880648.0,
    "enterpriseValue": 40114674473.0,
    "earningsdate": "Oct 27 2025",
    "exdivdate": null,
    "sharesOutClass": 115036621.0,
    "sharesout": 115036621.0,
    "sharesgrowthyoy": -2.285,
    "sharesgrowthqoq": null,
    "float": 114444556.0,
    "pe": 55.306,
    "peForward": 44.547,
    "ps": 3.513,
    "psForward": 3.028,
    "pb": 19.54,
    "pegRatio": null,
    "evEarnings": 55.97,
    "evSales": 3.56,
    "evEbitda": 36.03,
    "evEbit": 42.21,
    "evFcf": 100.74,
    "currentRatio": 1.468,
    "quickRatio": 0.784,
    "debtEquity": 0.39,
    "debtEbitda": 0.68,
    "debtFcf": 1.98,
    "interestCoverage": 59.031,
    "assetturnover": 1.8,
    "inventoryturnover": 5.123,
    "shortInterest": 5021778.0,
    "shortShares": 4.39,
    "shortFloat": null,
    "revenue": 11281700000.0,
    "gp": 1358200000.0,
    "opinc": 950400000.0,
    "pretax": 871400000.0,
    "netinc": 716700000.0,
    "ebitda": 1113400000.0,
    "ebit": 950400000.0,
    "debt": 787200000.0,
    "workingcapital": 1640500000.0,
    "ncfo": 552300000.0,
    "capex": -154100000.0,
    "fcf": 398200000.0,
    "grossMargin": 12.039,
    "operatingMargin": 8.424,
    "pretaxMargin": 7.724,
    "profitMargin": 6.353,
    "ebitdaMargin": 9.869,
    "ebitMargin": 8.424,
    "fcfMargin": 3.53,
    "dividendYield": null,
    "dividendGrowthYears": null,
    "payoutRatio": null,
    "buybackYield": 2.285,
    "earningsYield": 1.808,
    "fcfYield": 1.005,
    "priceTarget": 296.08,
    "revenue5y": 24.6,
    "eps5y": 39.59,
    "currentPrice": 344.48
  },
  "ARM": {
    "industry": "\u534a\u5c0e\u9ad4",
    "marketcap": 179839380000.0,
    "enterpriseValue": 177329380000.0,
    "earningsdate": "Nov 5 2025",
    "exdivdate": null,
    "sharesOutClass": null,
    "sharesout": 1059000000.0,
    "sharesgrowthyoy": 1.188,
    "sharesgrowthqoq": null,
    "float": 133795674.0,
    "pe": 257.287,
    "peForward": 92.419,
    "ps": 43.413,
    "psForward": 35.534,
    "pb": 25.666,
    "pegRatio": 4.154,
    "evEarnings": 253.69,
    "evSales": 43.03,
    "evEbitda": 188.29,
    "evEbit": 232.41,
    "evFcf": 262.71,
    "currentRatio": 4.988,
    "quickRatio": 4.878,
    "debtEquity": 0.06,
    "debtEbitda": 0.4,
    "debtFcf": 0.59,
    "interestCoverage": null,
    "assetturnover": 0.477,
    "inventoryturnover": null,
    "shortInterest": 14377672.0,
    "shortShares": 10.53,
    "shortFloat": null,
    "revenue": 4121000000.0,
    "gp": 4003000000.0,
    "opinc": 763000000.0,
    "pretax": 622000000.0,
    "netinc": 699000000.0,
    "ebitda": 941800000.0,
    "ebit": 763000000.0,
    "debt": 396000000.0,
    "workingcapital": 4136000000.0,
    "ncfo": 1019000000.0,
    "capex": -344000000.0,
    "fcf": 675000000.0,
    "grossMargin": 97.137,
    "operatingMargin": 18.515,
    "pretaxMargin": 15.093,
    "profitMargin": 16.962,
    "ebitdaMargin": 22.854,
    "ebitMargin": 18.515,
    "fcfMargin": 16.38,
    "dividendYield": null,
    "dividendGrowthYears": null,
    "payoutRatio": null,
    "buybackYield": -1.188,
    "earningsYield": 0.389,
    "fcfYield": 0.375,
    "priceTarget": 168.91,
    "revenue5y": 23.97,
    "eps5y": 39.83,
    "currentPrice": 169.82
  },
  "MRVL": {
    "industry": "\u534a\u5c0e\u9ad4",
    "marketcap": 80813254000.0,
    "enterpriseValue": 84365154000.0,
    "earningsdate": "Dec 2 2025",
    "exdivdate": "Oct 10 2025",
    "sharesOutClass": 862100000.0,
    "sharesout": 862100000.0,
    "sharesgrowthyoy": 0.006,
    "sharesgrowthqoq": -0.594,
    "float": 859179049.0,
    "pe": null,
    "peForward": 30.593,
    "ps": 11.203,
    "psForward": 9.122,
    "pb": 6.021,
    "pegRatio": 0.919,
    "evEarnings": null,
    "evSales": 11.66,
    "evEbitda": 39.83,
    "evEbit": 106.36,
    "evFcf": 55.01,
    "currentRatio": 1.881,
    "quickRatio": 1.115,
    "debtEquity": 0.36,
    "debtEbitda": 2.2,
    "debtFcf": 3.11,
    "interestCoverage": 4.114,
    "assetturnover": 0.354,
    "inventoryturnover": 3.902,
    "shortInterest": 36285440.0,
    "shortShares": 4.209,
    "shortFloat": 4.223,
    "revenue": 7234900000.0,
    "gp": 3587700000.0,
    "opinc": 793200000.0,
    "pretax": -101100000.0,
    "netinc": -103400000.0,
    "ebitda": 2118300000.0,
    "ebit": 793200000.0,
    "debt": 4776300000.0,
    "workingcapital": 2113600000.0,
    "ncfo": 1844800000.0,
    "capex": -311200000.0,
    "fcf": 1533600000.0,
    "grossMargin": 49.589,
    "operatingMargin": 10.964,
    "pretaxMargin": -1.397,
    "profitMargin": -1.429,
    "ebitdaMargin": 29.279,
    "ebitMargin": 10.964,
    "fcfMargin": 21.197,
    "dividendYield": 0.256,
    "dividendGrowthYears": null,
    "payoutRatio": null,
    "buybackYield": -0.006,
    "earningsYield": -0.128,
    "fcfYield": 1.898,
    "priceTarget": 94.68,
    "revenue5y": 23.13,
    "eps5y": null,
    "currentPrice": 93.74
  },
  "INTC": {
    "industry": "\u534a\u5c0e\u9ad4",
    "marketcap": 190592340000.0,
    "enterpriseValue": 206210340000.0,
    "earningsdate": "Oct 23 2025",
    "exdivdate": null,
    "sharesOutClass": 4766000000.0,
    "sharesout": 4766000000.0,
    "sharesgrowthyoy": 3.184,
    "sharesgrowthqoq": 3.708,
    "float": 4757876159.0,
    "pe": 962.588,
    "peForward": 93.391,
    "ps": 3.282,
    "psForward": 3.546,
    "pb": 1.792,
    "pegRatio": null,
    "evEarnings": 1041.47,
    "evSales": 3.86,
    "evEbitda": 20.75,
    "evEbit": null,
    "evFcf": null,
    "currentRatio": 1.602,
    "quickRatio": 1.057,
    "debtEquity": 0.4,
    "debtEbitda": 4.57,
    "debtFcf": null,
    "interestCoverage": -2.268,
    "assetturnover": 0.268,
    "inventoryturnover": 3.061,
    "shortInterest": 116134131.0,
    "shortShares": 2.437,
    "shortFloat": 2.441,
    "revenue": 53439000000.0,
    "gp": 17396000000.0,
    "opinc": -1724000000.0,
    "pretax": 1818000000.0,
    "netinc": 198000000.0,
    "ebitda": 9938000000.0,
    "ebit": -1724000000.0,
    "debt": 46553000000.0,
    "workingcapital": 19434000000.0,
    "ncfo": 8574000000.0,
    "capex": -16992000000.0,
    "fcf": -8418000000.0,
    "grossMargin": 32.553,
    "operatingMargin": -3.226,
    "pretaxMargin": 3.402,
    "profitMargin": 0.371,
    "ebitdaMargin": 18.597,
    "ebitMargin": -3.226,
    "fcfMargin": null,
    "dividendYield": null,
    "dividendGrowthYears": null,
    "payoutRatio": null,
    "buybackYield": -3.184,
    "earningsYield": 0.104,
    "fcfYield": -4.417,
    "priceTarget": 31.02,
    "revenue5y": 6.14,
    "eps5y": null,
    "currentPrice": 39.99
  },
  "DELL": {
    "industry": "\u534a\u5c0e\u9ad4",
    "marketcap": 108579131648.0,
    "enterpriseValue": 129952131648.0,
    "earningsdate": "Nov 25 2025",
    "exdivdate": "Oct 21 2025",
    "sharesOutClass": 338646945.0,
    "sharesout": 670200183.0,
    "sharesgrowthyoy": -3.493,
    "sharesgrowthqoq": -2.279,
    "float": 315459277.0,
    "pe": 23.586,
    "peForward": 15.489,
    "ps": 1.107,
    "psForward": 0.974,
    "pb": null,
    "pegRatio": 0.968,
    "evEarnings": 26.87,
    "evSales": 1.28,
    "evEbitda": 12.82,
    "evEbit": 17.5,
    "evFcf": 26.74,
    "currentRatio": 0.83,
    "quickRatio": 0.531,
    "debtEquity": null,
    "debtEbitda": 2.82,
    "debtFcf": 6.07,
    "interestCoverage": 5.24,
    "assetturnover": 1.181,
    "inventoryturnover": 12.136,
    "shortInterest": 13201287.0,
    "shortShares": 1.97,
    "shortFloat": 4.185,
    "revenue": 101451000000.0,
    "gp": 21570000000.0,
    "opinc": 7425000000.0,
    "pretax": 5940000000.0,
    "netinc": 4837000000.0,
    "ebitda": 10139000000.0,
    "ebit": 7425000000.0,
    "debt": 29518000000.0,
    "workingcapital": -9350000000.0,
    "ncfo": 7477000000.0,
    "capex": -2617000000.0,
    "fcf": 4860000000.0,
    "grossMargin": 21.261,
    "operatingMargin": 7.319,
    "pretaxMargin": 5.855,
    "profitMargin": 4.768,
    "ebitdaMargin": 9.994,
    "ebitMargin": 7.319,
    "fcfMargin": 4.79,
    "dividendYield": 1.296,
    "dividendGrowthYears": 3.0,
    "payoutRatio": 29.408,
    "buybackYield": 3.493,
    "earningsYield": 4.455,
    "fcfYield": 4.476,
    "priceTarget": 165.65,
    "revenue5y": 5.91,
    "eps5y": 19.09,
    "currentPrice": 162.01
  },
  "MU": {
    "industry": "\u534a\u5c0e\u9ad4",
    "marketcap": 251174224652.0,
    "enterpriseValue": 254590224652.0,
    "earningsdate": "Dec 17 2025",
    "exdivdate": "Oct 3 2025",
    "sharesOutClass": 1122466035.0,
    "sharesout": 1122466035.0,
    "sharesgrowthyoy": 0.626,
    "sharesgrowthqoq": 0.533,
    "float": 1117985472.0,
    "pe": 29.482,
    "peForward": 13.391,
    "ps": 6.681,
    "psForward": 4.716,
    "pb": 4.635,
    "pegRatio": 0.204,
    "evEarnings": 29.81,
    "evSales": 6.81,
    "evEbitda": 14.07,
    "evEbit": 25.95,
    "evFcf": 152.63,
    "currentRatio": 2.518,
    "quickRatio": 1.709,
    "debtEquity": 0.28,
    "debtEbitda": 0.84,
    "debtFcf": 9.2,
    "interestCoverage": 20.564,
    "assetturnover": 0.491,
    "inventoryturnover": 2.612,
    "shortInterest": 25192304.0,
    "shortShares": 2.244,
    "shortFloat": 2.253,
    "revenue": 37378000000.0,
    "gp": 14873000000.0,
    "opinc": 9809000000.0,
    "pretax": 9663000000.0,
    "netinc": 8539000000.0,
    "ebitda": 18090000000.0,
    "ebit": 9809000000.0,
    "debt": 15352000000.0,
    "workingcapital": 17387000000.0,
    "ncfo": 17525000000.0,
    "capex": -15857000000.0,
    "fcf": 1668000000.0,
    "grossMargin": 39.791,
    "operatingMargin": 26.243,
    "pretaxMargin": 25.852,
    "profitMargin": 22.845,
    "ebitdaMargin": 48.397,
    "ebitMargin": 26.243,
    "fcfMargin": 4.463,
    "dividendYield": 0.206,
    "dividendGrowthYears": null,
    "payoutRatio": 6.061,
    "buybackYield": -0.626,
    "earningsYield": 3.4,
    "fcfYield": 0.664,
    "priceTarget": 195.73,
    "revenue5y": 10.61,
    "eps5y": 12.55,
    "currentPrice": 223.77
  },
  "TSM": {
    "industry": "\u534a\u5c0e\u9ad4",
    "marketcap": 1263403263918.0,
    "enterpriseValue": 1206333336623.0,
    "earningsdate": "Oct 16 2025",
    "exdivdate": "Sep 16 2025",
    "sharesOutClass": null,
    "sharesout": 25930000000.0,
    "sharesgrowthyoy": 0.001,
    "sharesgrowthqoq": 0.004,
    "float": 24172300530.0,
    "pe": 24.501,
    "peForward": 20.954,
    "ps": 10.606,
    "psForward": 0.313,
    "pb": 7.648,
    "pegRatio": null,
    "evEarnings": 23.39,
    "evSales": 10.13,
    "evEbitda": 14.76,
    "evEbit": 20.45,
    "evFcf": 41.64,
    "currentRatio": 2.693,
    "quickRatio": 2.397,
    "debtEquity": 0.19,
    "debtEbitda": 0.38,
    "debtFcf": 1.08,
    "interestCoverage": 171.318,
    "assetturnover": 0.537,
    "inventoryturnover": 5.123,
    "shortInterest": 34082449.0,
    "shortShares": 0.66,
    "shortFloat": null,
    "revenue": 119125597213.0,
    "gp": 70256055741.0,
    "opinc": 58983483227.0,
    "pretax": 62265418017.0,
    "netinc": 51565778846.0,
    "ebitda": 81750192059.0,
    "ebit": 58983483227.0,
    "debt": 31382331762.0,
    "workingcapital": 70860418686.0,
    "ncfo": 71174134570.0,
    "capex": -41905692426.0,
    "fcf": 28971165478.0,
    "grossMargin": 58.976,
    "operatingMargin": 49.514,
    "pretaxMargin": 52.269,
    "profitMargin": 43.287,
    "ebitdaMargin": 68.625,
    "ebitMargin": 49.514,
    "fcfMargin": 24.32,
    "dividendYield": 0.759,
    "dividendGrowthYears": 2.0,
    "payoutRatio": 22.947,
    "buybackYield": -0.001,
    "earningsYield": 4.082,
    "fcfYield": 2.293,
    "priceTarget": 371.67,
    "revenue5y": 16.25,
    "eps5y": 17.53,
    "currentPrice": 300.43
  },
  "HPE": {
    "industry": "\u534a\u5c0e\u9ad4",
    "marketcap": 32220970514.0,
    "enterpriseValue": 52040970514.0,
    "earningsdate": "Dec 4 2025",
    "exdivdate": "Sep 18 2025",
    "sharesOutClass": 1319450062.0,
    "sharesout": 1319450062.0,
    "sharesgrowthyoy": 0.908,
    "sharesgrowthqoq": 7.489,
    "float": 1313453174.0,
    "pe": 28.361,
    "peForward": 10.763,
    "ps": 0.974,
    "psForward": 0.804,
    "pb": 1.32,
    "pegRatio": 0.991,
    "evEarnings": 45.81,
    "evSales": 1.57,
    "evEbitda": 10.94,
    "evEbit": 23.07,
    "evFcf": 231.29,
    "currentRatio": 0.951,
    "quickRatio": 0.512,
    "debtEquity": 0.97,
    "debtEbitda": 4.76,
    "debtFcf": 105.44,
    "interestCoverage": 8.677,
    "assetturnover": 0.479,
    "inventoryturnover": 3.057,
    "shortInterest": 44195516.0,
    "shortShares": 3.35,
    "shortFloat": 3.365,
    "revenue": 33075000000.0,
    "gp": 9882000000.0,
    "opinc": 2256000000.0,
    "pretax": 1393000000.0,
    "netinc": 1136000000.0,
    "ebitda": 4756000000.0,
    "ebit": 2256000000.0,
    "debt": 23725000000.0,
    "workingcapital": -1345000000.0,
    "ncfo": 2484000000.0,
    "capex": -2259000000.0,
    "fcf": 225000000.0,
    "grossMargin": 29.878,
    "operatingMargin": 6.821,
    "pretaxMargin": 4.212,
    "profitMargin": 3.773,
    "ebitdaMargin": 14.379,
    "ebitMargin": 6.821,
    "fcfMargin": 0.68,
    "dividendYield": 2.129,
    "dividendGrowthYears": 2.0,
    "payoutRatio": 60.391,
    "buybackYield": -0.908,
    "earningsYield": 3.526,
    "fcfYield": 0.698,
    "priceTarget": 26.0,
    "revenue5y": 9.83,
    "eps5y": 11.15,
    "currentPrice": 24.42
  },
  "QRVO": {
    "industry": "\u534a\u5c0e\u9ad4",
    "marketcap": 8794742739.0,
    "enterpriseValue": 9178464739.0,
    "earningsdate": "Nov 3 2025",
    "exdivdate": null,
    "sharesOutClass": 92654264.0,
    "sharesout": 92654264.0,
    "sharesgrowthyoy": -2.099,
    "sharesgrowthqoq": -0.356,
    "float": 84257755.0,
    "pe": 112.068,
    "peForward": 14.45,
    "ps": 2.442,
    "psForward": 2.283,
    "pb": 2.563,
    "pegRatio": 1.616,
    "evEarnings": 113.6,
    "evSales": 2.51,
    "evEbitda": 13.52,
    "evEbit": 23.5,
    "evFcf": 15.63,
    "currentRatio": 2.814,
    "quickRatio": 1.89,
    "debtEquity": 0.45,
    "debtEbitda": 2.18,
    "debtFcf": 2.64,
    "interestCoverage": 4.881,
    "assetturnover": 0.587,
    "inventoryturnover": 3.058,
    "shortInterest": 2881201.0,
    "shortShares": 3.11,
    "shortFloat": 3.42,
    "revenue": 3651078000.0,
    "gp": 1565047000.0,
    "opinc": 390578000.0,
    "pretax": 98307000.0,
    "netinc": 80795000.0,
    "ebitda": 678724000.0,
    "ebit": 390578000.0,
    "debt": 1549200000.0,
    "workingcapital": 1447926000.0,
    "ncfo": 724062000.0,
    "capex": -136911000.0,
    "fcf": 587151000.0,
    "grossMargin": 42.865,
    "operatingMargin": 10.698,
    "pretaxMargin": 2.693,
    "profitMargin": 2.213,
    "ebitdaMargin": 18.59,
    "ebitMargin": 10.698,
    "fcfMargin": 16.082,
    "dividendYield": null,
    "dividendGrowthYears": null,
    "payoutRatio": null,
    "buybackYield": 2.099,
    "earningsYield": 0.919,
    "fcfYield": 6.676,
    "priceTarget": 94.59,
    "revenue5y": 3.33,
    "eps5y": 72.36,
    "currentPrice": 94.92
  },
  "ASML": {
    "industry": "\u534a\u5c0e\u9ad4",
    "marketcap": 410098160552.0,
    "enterpriseValue": 407302889503.0,
    "earningsdate": "Oct 15 2025",
    "exdivdate": "Oct 29 2025",
    "sharesOutClass": null,
    "sharesout": 387300000.0,
    "sharesgrowthyoy": -0.832,
    "sharesgrowthqoq": -0.206,
    "float": 387153588.0,
    "pe": 37.061,
    "peForward": 36.168,
    "ps": 10.888,
    "psForward": 12.024,
    "pb": 18.465,
    "pegRatio": null,
    "evEarnings": 36.81,
    "evSales": 10.81,
    "evEbitda": 28.65,
    "evEbit": 31.03,
    "evFcf": 39.18,
    "currentRatio": 1.308,
    "quickRatio": 0.604,
    "debtEquity": 0.14,
    "debtEbitda": 0.22,
    "debtFcf": 0.3,
    "interestCoverage": 69.04,
    "assetturnover": 0.742,
    "inventoryturnover": 1.314,
    "shortInterest": 1531976.0,
    "shortShares": 0.44,
    "shortFloat": null,
    "revenue": 37666043037.0,
    "gp": 19854186159.0,
    "opinc": 13126637046.0,
    "pretax": 13542680077.0,
    "netinc": 11065481761.0,
    "ebitda": 14216440601.0,
    "ebit": 13126637046.0,
    "debt": 3162652012.0,
    "workingcapital": 6923994388.0,
    "ncfo": 12620439665.0,
    "capex": -2139499533.0,
    "fcf": 10396571323.0,
    "grossMargin": 52.711,
    "operatingMargin": 34.85,
    "pretaxMargin": 35.955,
    "profitMargin": 29.378,
    "ebitdaMargin": 37.743,
    "ebitMargin": 34.85,
    "fcfMargin": 27.602,
    "dividendYield": 0.592,
    "dividendGrowthYears": 1.0,
    "payoutRatio": 22.109,
    "buybackYield": 0.832,
    "earningsYield": 2.698,
    "fcfYield": 2.535,
    "priceTarget": 1016.4,
    "revenue5y": 11.08,
    "eps5y": 17.19,
    "currentPrice": 1059.23
  },
  "AMAT": {
    "industry": "\u534a\u5c0e\u9ad4",
    "marketcap": 185697349734.0,
    "enterpriseValue": 185445349734.0,
    "earningsdate": "Nov 13 2025",
    "exdivdate": "Nov 20 2025",
    "sharesOutClass": 796642427.0,
    "sharesout": 796642427.0,
    "sharesgrowthyoy": -2.48,
    "sharesgrowthqoq": -1.232,
    "float": 793473548.0,
    "pe": 27.818,
    "peForward": 25.967,
    "ps": 6.603,
    "psForward": 6.523,
    "pb": 9.521,
    "pegRatio": 3.384,
    "evEarnings": 27.14,
    "evSales": 6.48,
    "evEbitda": 20.48,
    "evEbit": 21.51,
    "evFcf": 31.85,
    "currentRatio": 2.501,
    "quickRatio": 1.622,
    "debtEquity": 0.35,
    "debtEbitda": 0.75,
    "debtFcf": 1.16,
    "interestCoverage": 32.663,
    "assetturnover": 0.843,
    "inventoryturnover": 2.591,
    "shortInterest": 18525672.0,
    "shortShares": 2.325,
    "shortFloat": 2.335,
    "revenue": 28613000000.0,
    "gp": 13878000000.0,
    "opinc": 8623000000.0,
    "pretax": 8899000000.0,
    "netinc": 6832000000.0,
    "ebitda": 9054000000.0,
    "ebit": 8623000000.0,
    "debt": 6762000000.0,
    "workingcapital": 11835000000.0,
    "ncfo": 7705000000.0,
    "capex": -1882000000.0,
    "fcf": 5823000000.0,
    "grossMargin": 48.502,
    "operatingMargin": 30.137,
    "pretaxMargin": 31.101,
    "profitMargin": 23.877,
    "ebitdaMargin": 31.643,
    "ebitMargin": 30.137,
    "fcfMargin": 20.351,
    "dividendYield": 0.789,
    "dividendGrowthYears": 7.0,
    "payoutRatio": 21.242,
    "buybackYield": 2.48,
    "earningsYield": 3.679,
    "fcfYield": 3.136,
    "priceTarget": 211.32,
    "revenue5y": 7.8,
    "eps5y": 10.84,
    "currentPrice": 233.1
  },
  "VLO": {
    "industry": "\u539f\u6cb9",
    "marketcap": 51717417433.0,
    "enterpriseValue": 57534417433.0,
    "earningsdate": "Oct 23 2025",
    "exdivdate": "Nov 20 2025",
    "sharesOutClass": 305009539.0,
    "sharesout": 305009539.0,
    "sharesgrowthyoy": -4.208,
    "sharesgrowthqoq": -0.962,
    "float": 303508513.0,
    "pe": 35.51,
    "peForward": 13.588,
    "ps": 0.454,
    "psForward": 0.451,
    "pb": 2.177,
    "pegRatio": 0.849,
    "evEarnings": 38.59,
    "evSales": 0.49,
    "evEbitda": 9.2,
    "evEbit": 16.85,
    "evFcf": 14.53,
    "currentRatio": 1.596,
    "quickRatio": 1.002,
    "debtEquity": 0.4,
    "debtEbitda": 1.46,
    "debtFcf": 2.67,
    "interestCoverage": 6.185,
    "assetturnover": 1.959,
    "inventoryturnover": 15.146,
    "shortInterest": 11929583.0,
    "shortShares": 3.911,
    "shortFloat": 3.931,
    "revenue": 116553000000.0,
    "gp": 7184000000.0,
    "opinc": 3414000000.0,
    "pretax": 1804000000.0,
    "netinc": 1491000000.0,
    "ebitda": 6253000000.0,
    "ebit": 3414000000.0,
    "debt": 10581000000.0,
    "workingcapital": 8775000000.0,
    "ncfo": 4839000000.0,
    "capex": -879000000.0,
    "fcf": 3960000000.0,
    "grossMargin": 6.164,
    "operatingMargin": 2.929,
    "pretaxMargin": 1.548,
    "profitMargin": 1.283,
    "ebitdaMargin": 5.365,
    "ebitMargin": 2.929,
    "fcfMargin": 3.398,
    "dividendYield": 2.666,
    "dividendGrowthYears": 2.0,
    "payoutRatio": 94.659,
    "buybackYield": 4.208,
    "earningsYield": 2.883,
    "fcfYield": 7.657,
    "priceTarget": 176.71,
    "revenue5y": -1.36,
    "eps5y": 15.04,
    "currentPrice": 169.56
  },
  "CVX": {
    "industry": "\u539f\u6cb9",
    "marketcap": 320051792103.0,
    "enterpriseValue": 345452792103.0,
    "earningsdate": "Oct 31 2025",
    "exdivdate": "Nov 18 2025",
    "sharesOutClass": 2029240376.0,
    "sharesout": 2029240376.0,
    "sharesgrowthyoy": -2.089,
    "sharesgrowthqoq": 12.853,
    "float": 1895608837.0,
    "pe": 22.238,
    "peForward": 22.166,
    "ps": 1.499,
    "psForward": 1.589,
    "pb": 1.861,
    "pegRatio": null,
    "evEarnings": 27.06,
    "evSales": 1.83,
    "evEbitda": 9.16,
    "evEbit": 18.15,
    "evFcf": 22.37,
    "currentRatio": null,
    "quickRatio": null,
    "debtEquity": 0.2,
    "debtEbitda": 0.78,
    "debtFcf": 1.91,
    "interestCoverage": 18.036,
    "assetturnover": null,
    "inventoryturnover": null,
    "shortInterest": 15790033.0,
    "shortShares": 0.778,
    "shortFloat": 0.833,
    "revenue": 188731000000.0,
    "gp": 76654000000.0,
    "opinc": 19028000000.0,
    "pretax": 21203000000.0,
    "netinc": 12768000000.0,
    "ebitda": 37710000000.0,
    "ebit": 19028000000.0,
    "debt": 29467000000.0,
    "workingcapital": null,
    "ncfo": 31892000000.0,
    "capex": -16448000000.0,
    "fcf": 15444000000.0,
    "grossMargin": 40.615,
    "operatingMargin": 10.082,
    "pretaxMargin": 11.235,
    "profitMargin": 6.765,
    "ebitdaMargin": 19.981,
    "ebitMargin": 10.082,
    "fcfMargin": 8.183,
    "dividendYield": 4.337,
    "dividendGrowthYears": 38.0,
    "payoutRatio": 96.443,
    "buybackYield": 2.089,
    "earningsYield": 3.989,
    "fcfYield": 4.825,
    "priceTarget": 170.56,
    "revenue5y": -1.62,
    "eps5y": 9.6,
    "currentPrice": 157.72
  },
  "XOM": {
    "industry": "\u539f\u6cb9",
    "marketcap": 482256120000.0,
    "enterpriseValue": 510478120000.0,
    "earningsdate": "Oct 31 2025",
    "exdivdate": "Aug 15 2025",
    "sharesOutClass": 4217000000.0,
    "sharesout": 4217000000.0,
    "sharesgrowthyoy": 3.585,
    "sharesgrowthqoq": -1.062,
    "float": 4254195900.0,
    "pe": 16.604,
    "peForward": 16.099,
    "ps": 1.524,
    "psForward": 1.43,
    "pb": 1.851,
    "pegRatio": null,
    "evEarnings": 17.04,
    "evSales": 1.56,
    "evEbitda": 8.3,
    "evEbit": 13.69,
    "evFcf": 21.47,
    "currentRatio": 1.137,
    "quickRatio": 0.759,
    "debtEquity": 0.16,
    "debtEbitda": 0.64,
    "debtFcf": 1.77,
    "interestCoverage": 50.589,
    "assetturnover": 0.712,
    "inventoryturnover": 8.78,
    "shortInterest": 39974623.0,
    "shortShares": 0.948,
    "shortFloat": 0.94,
    "revenue": 326245000000.0,
    "gp": 101859000000.0,
    "opinc": 37284000000.0,
    "pretax": 43050000000.0,
    "netinc": 29953000000.0,
    "ebitda": 61539000000.0,
    "ebit": 37284000000.0,
    "debt": 42036000000.0,
    "workingcapital": 10655000000.0,
    "ncfo": 51520000000.0,
    "capex": -27745000000.0,
    "fcf": 23775000000.0,
    "grossMargin": 31.222,
    "operatingMargin": 11.428,
    "pretaxMargin": 13.196,
    "profitMargin": 9.181,
    "ebitdaMargin": 18.863,
    "ebitMargin": 11.428,
    "fcfMargin": 7.287,
    "dividendYield": 3.603,
    "dividendGrowthYears": 44.0,
    "payoutRatio": 57.497,
    "buybackYield": -3.585,
    "earningsYield": 6.211,
    "fcfYield": 4.93,
    "priceTarget": 127.06,
    "revenue5y": -0.0,
    "eps5y": 9.84,
    "currentPrice": 114.36
  },
  "COP": {
    "industry": "\u539f\u6cb9",
    "marketcap": 110981013755.0,
    "enterpriseValue": 129170013755.0,
    "earningsdate": "Nov 6 2025",
    "exdivdate": "Aug 18 2025",
    "sharesOutClass": 1248942311.0,
    "sharesout": 1248942311.0,
    "sharesgrowthyoy": 3.492,
    "sharesgrowthqoq": -1.246,
    "float": 1246618857.0,
    "pe": 11.902,
    "peForward": 15.714,
    "ps": 1.833,
    "psForward": 1.902,
    "pb": 1.693,
    "pegRatio": 7.058,
    "evEarnings": 14.11,
    "evSales": 2.18,
    "evEbitda": 5.14,
    "evEbit": 8.93,
    "evFcf": 18.66,
    "currentRatio": 1.269,
    "quickRatio": 1.005,
    "debtEquity": 0.36,
    "debtEbitda": 0.92,
    "debtFcf": 3.4,
    "interestCoverage": 17.707,
    "assetturnover": 0.543,
    "inventoryturnover": 18.387,
    "shortInterest": 13042310.0,
    "shortShares": 1.044,
    "shortFloat": 1.046,
    "revenue": 59386000000.0,
    "gp": 28643000000.0,
    "opinc": 14467000000.0,
    "pretax": 13688000000.0,
    "netinc": 9156000000.0,
    "ebitda": 25143000000.0,
    "ebit": 14467000000.0,
    "debt": 23529000000.0,
    "workingcapital": 2953000000.0,
    "ncfo": 19820000000.0,
    "capex": -12897000000.0,
    "fcf": 6923000000.0,
    "grossMargin": 48.232,
    "operatingMargin": 24.361,
    "pretaxMargin": 23.049,
    "profitMargin": 15.467,
    "ebitdaMargin": 42.338,
    "ebitMargin": 24.361,
    "fcfMargin": 11.658,
    "dividendYield": 3.511,
    "dividendGrowthYears": null,
    "payoutRatio": 41.79,
    "buybackYield": -3.492,
    "earningsYield": 8.25,
    "fcfYield": 6.238,
    "priceTarget": 115.94,
    "revenue5y": 4.85,
    "eps5y": 9.76,
    "currentPrice": 88.86
  },
  "OXY": {
    "industry": "\u539f\u6cb9",
    "marketcap": 40558917370.0,
    "enterpriseValue": 62406917370.0,
    "earningsdate": "Nov 10 2025",
    "exdivdate": "Sep 10 2025",
    "sharesOutClass": 984439742.0,
    "sharesout": 984439742.0,
    "sharesgrowthyoy": 3.594,
    "sharesgrowthqoq": 2.798,
    "float": 980741644.0,
    "pe": 24.073,
    "peForward": 20.333,
    "ps": 1.44,
    "psForward": 1.514,
    "pb": 1.478,
    "pegRatio": 10.703,
    "evEarnings": 36.07,
    "evSales": 2.3,
    "evEbitda": 4.72,
    "evEbit": 12.18,
    "evFcf": 13.79,
    "currentRatio": 1.048,
    "quickRatio": 0.751,
    "debtEquity": 0.67,
    "debtEbitda": 1.71,
    "debtFcf": 5.34,
    "interestCoverage": 4.155,
    "assetturnover": 0.338,
    "inventoryturnover": 4.178,
    "shortInterest": 38599817.0,
    "shortShares": 3.921,
    "shortFloat": 3.936,
    "revenue": 27150000000.0,
    "gp": 17360000000.0,
    "opinc": 5123000000.0,
    "pretax": 3495000000.0,
    "netinc": 1730000000.0,
    "ebitda": 13213000000.0,
    "ebit": 5123000000.0,
    "debt": 24174000000.0,
    "workingcapital": 413000000.0,
    "ncfo": 12146000000.0,
    "capex": -7620000000.0,
    "fcf": 4526000000.0,
    "grossMargin": 63.941,
    "operatingMargin": 18.869,
    "pretaxMargin": 12.873,
    "profitMargin": 9.002,
    "ebitdaMargin": 48.667,
    "ebitMargin": 18.869,
    "fcfMargin": 16.67,
    "dividendYield": 2.33,
    "dividendGrowthYears": 3.0,
    "payoutRatio": 54.923,
    "buybackYield": -3.594,
    "earningsYield": 4.265,
    "fcfYield": 11.159,
    "priceTarget": 50.13,
    "revenue5y": 3.35,
    "eps5y": 15.92,
    "currentPrice": 41.2
  },
  "HLT": {
    "industry": "\u65c5\u904a",
    "marketcap": 59726540255.0,
    "enterpriseValue": 71020540255.0,
    "earningsdate": "Oct 22 2025",
    "exdivdate": "Nov 21 2025",
    "sharesOutClass": 232435166.0,
    "sharesout": 232435166.0,
    "sharesgrowthyoy": -4.931,
    "sharesgrowthqoq": -0.837,
    "float": 227941127.0,
    "pe": 37.173,
    "peForward": 29.086,
    "ps": 12.611,
    "psForward": 4.719,
    "pb": null,
    "pegRatio": 2.403,
    "evEarnings": 42.65,
    "evSales": 14.58,
    "evEbitda": 25.94,
    "evEbit": 27.65,
    "evFcf": 29.73,
    "currentRatio": 0.664,
    "quickRatio": 0.577,
    "debtEquity": null,
    "debtEbitda": 4.35,
    "debtFcf": 5.17,
    "interestCoverage": 4.198,
    "assetturnover": 0.292,
    "inventoryturnover": null,
    "shortInterest": 7062162.0,
    "shortShares": 3.038,
    "shortFloat": 3.098,
    "revenue": 4870000000.0,
    "gp": 3775000000.0,
    "opinc": 2569000000.0,
    "pretax": 1979000000.0,
    "netinc": 1665000000.0,
    "ebitda": 2738000000.0,
    "ebit": 2569000000.0,
    "debt": 12351000000.0,
    "workingcapital": -1579000000.0,
    "ncfo": 2508000000.0,
    "capex": -119000000.0,
    "fcf": 2389000000.0,
    "grossMargin": 77.515,
    "operatingMargin": 52.752,
    "pretaxMargin": 40.637,
    "profitMargin": 34.189,
    "ebitdaMargin": 56.222,
    "ebitMargin": 52.752,
    "fcfMargin": 49.055,
    "dividendYield": 0.233,
    "dividendGrowthYears": null,
    "payoutRatio": 8.68,
    "buybackYield": 4.931,
    "earningsYield": 2.788,
    "fcfYield": 4.0,
    "priceTarget": 275.21,
    "revenue5y": 8.66,
    "eps5y": 20.51,
    "currentPrice": 256.96
  },
  "ABNB": {
    "industry": "\u65c5\u904a",
    "marketcap": 77472301682.0,
    "enterpriseValue": 68398301682.0,
    "earningsdate": "Nov 6 2025",
    "exdivdate": null,
    "sharesOutClass": 429079558.0,
    "sharesout": 612235670.0,
    "sharesgrowthyoy": -3.058,
    "sharesgrowthqoq": -0.949,
    "float": 413176477.0,
    "pe": 30.032,
    "peForward": 28.839,
    "ps": 6.808,
    "psForward": 6.03,
    "pb": 9.968,
    "pegRatio": 2.264,
    "evEarnings": 26.06,
    "evSales": 5.91,
    "evEbitda": 25.77,
    "evEbit": 26.26,
    "evFcf": 15.88,
    "currentRatio": 1.232,
    "quickRatio": 0.613,
    "debtEquity": 0.29,
    "debtEbitda": 0.84,
    "debtFcf": 0.53,
    "interestCoverage": null,
    "assetturnover": 0.434,
    "inventoryturnover": null,
    "shortInterest": 19242337.0,
    "shortShares": 3.143,
    "shortFloat": 4.657,
    "revenue": 11580000000.0,
    "gp": 9638000000.0,
    "opinc": 2605000000.0,
    "pretax": 3309000000.0,
    "netinc": 2625000000.0,
    "ebitda": 2654000000.0,
    "ebit": 2605000000.0,
    "debt": 2282000000.0,
    "workingcapital": 4364000000.0,
    "ncfo": 4308000000.0,
    "capex": null,
    "fcf": 4308000000.0,
    "grossMargin": 83.23,
    "operatingMargin": 22.496,
    "pretaxMargin": 28.575,
    "profitMargin": 22.668,
    "ebitdaMargin": 22.919,
    "ebitMargin": 22.496,
    "fcfMargin": 37.202,
    "dividendYield": null,
    "dividendGrowthYears": null,
    "payoutRatio": null,
    "buybackYield": 3.058,
    "earningsYield": 3.388,
    "fcfYield": 5.561,
    "priceTarget": 144.72,
    "revenue5y": 10.42,
    "eps5y": 15.38,
    "currentPrice": 126.54
  },
  "IHG": {
    "industry": "\u65c5\u904a",
    "marketcap": 18260330784.0,
    "enterpriseValue": 21608909284.0,
    "earningsdate": null,
    "exdivdate": "Aug 22 2025",
    "sharesOutClass": null,
    "sharesout": 156300000.0,
    "sharesgrowthyoy": -3.626,
    "sharesgrowthqoq": -2.048,
    "float": 140967908.0,
    "pe": 24.347,
    "peForward": 22.327,
    "ps": 3.566,
    "psForward": 4.541,
    "pb": null,
    "pegRatio": null,
    "evEarnings": 28.81,
    "evSales": 4.22,
    "evEbitda": 18.47,
    "evEbit": 18.99,
    "evFcf": 25.48,
    "currentRatio": 0.792,
    "quickRatio": 0.788,
    "debtEquity": null,
    "debtEbitda": 3.45,
    "debtFcf": 4.84,
    "interestCoverage": 6.578,
    "assetturnover": 1.076,
    "inventoryturnover": 502.75,
    "shortInterest": 1015001.0,
    "shortShares": 1.37,
    "shortFloat": null,
    "revenue": 5120000000.0,
    "gp": 3109000000.0,
    "opinc": 1138000000.0,
    "pretax": 1058000000.0,
    "netinc": 750000000.0,
    "ebitda": 1170000000.0,
    "ebit": 1138000000.0,
    "debt": 4108000000.0,
    "workingcapital": -436000000.0,
    "ncfo": 874000000.0,
    "capex": -26000000.0,
    "fcf": 848000000.0,
    "grossMargin": 60.723,
    "operatingMargin": 22.227,
    "pretaxMargin": 20.664,
    "profitMargin": 14.648,
    "ebitdaMargin": 22.852,
    "ebitMargin": 22.227,
    "fcfMargin": 16.563,
    "dividendYield": 1.383,
    "dividendGrowthYears": 2.0,
    "payoutRatio": 35.713,
    "buybackYield": 3.626,
    "earningsYield": 4.107,
    "fcfYield": 4.644,
    "priceTarget": null,
    "revenue5y": -7.74,
    "eps5y": 18.29,
    "currentPrice": 121.46
  },
  "H": {
    "industry": "\u65c5\u904a",
    "marketcap": 13120592338.0,
    "enterpriseValue": 18533592338.0,
    "earningsdate": "Nov 6 2025",
    "exdivdate": "Aug 27 2025",
    "sharesOutClass": 42337031.0,
    "sharesout": 95484989.0,
    "sharesgrowthyoy": -6.482,
    "sharesgrowthqoq": -2.529,
    "float": 40571247.0,
    "pe": 31.538,
    "peForward": 44.73,
    "ps": 4.13,
    "psForward": 1.746,
    "pb": 3.684,
    "pegRatio": 1.697,
    "evEarnings": 42.9,
    "evSales": 5.76,
    "evEbitda": 23.37,
    "evEbit": 39.1,
    "evFcf": 140.41,
    "currentRatio": 0.704,
    "quickRatio": 0.571,
    "debtEquity": 1.63,
    "debtEbitda": 7.62,
    "debtFcf": 47.92,
    "interestCoverage": 1.959,
    "assetturnover": 0.225,
    "inventoryturnover": 200.556,
    "shortInterest": 7324855.0,
    "shortShares": 7.671,
    "shortFloat": 18.054,
    "revenue": 3218000000.0,
    "gp": 1413000000.0,
    "opinc": 474000000.0,
    "pretax": 650000000.0,
    "netinc": 432000000.0,
    "ebitda": 793000000.0,
    "ebit": 474000000.0,
    "debt": 6325000000.0,
    "workingcapital": -975000000.0,
    "ncfo": 300000000.0,
    "capex": -168000000.0,
    "fcf": 132000000.0,
    "grossMargin": 43.909,
    "operatingMargin": 14.73,
    "pretaxMargin": 20.199,
    "profitMargin": 13.424,
    "ebitdaMargin": 24.643,
    "ebitMargin": 14.73,
    "fcfMargin": 4.102,
    "dividendYield": 0.437,
    "dividendGrowthYears": 2.0,
    "payoutRatio": 13.771,
    "buybackYield": 6.482,
    "earningsYield": 3.293,
    "fcfYield": 1.006,
    "priceTarget": 154.76,
    "revenue5y": 23.68,
    "eps5y": -4.13,
    "currentPrice": 137.41
  },
  "BKNG": {
    "industry": "\u65c5\u904a",
    "marketcap": 163674931778.0,
    "enterpriseValue": 164416931778.0,
    "earningsdate": "Oct 28 2025",
    "exdivdate": "Dec 5 2025",
    "sharesOutClass": 32233815.0,
    "sharesout": 32233815.0,
    "sharesgrowthyoy": -4.603,
    "sharesgrowthqoq": -0.187,
    "float": 32134803.0,
    "pe": 33.14,
    "peForward": 19.694,
    "ps": 6.375,
    "psForward": 5.697,
    "pb": null,
    "pegRatio": 1.208,
    "evEarnings": 32.6,
    "evSales": 6.31,
    "evEbitda": 16.74,
    "evEbit": 17.89,
    "evFcf": 19.77,
    "currentRatio": 1.334,
    "quickRatio": 1.262,
    "debtEquity": null,
    "debtEbitda": 1.76,
    "debtFcf": 2.14,
    "interestCoverage": 4.901,
    "assetturnover": 0.918,
    "inventoryturnover": null,
    "shortInterest": 643088.0,
    "shortShares": 1.995,
    "shortFloat": 2.001,
    "revenue": 26039000000.0,
    "gp": 22652000000.0,
    "opinc": 9190000000.0,
    "pretax": 6533000000.0,
    "netinc": 5044000000.0,
    "ebitda": 9819000000.0,
    "ebit": 9190000000.0,
    "debt": 17758000000.0,
    "workingcapital": 5438000000.0,
    "ncfo": 8640000000.0,
    "capex": -325000000.0,
    "fcf": 8315000000.0,
    "grossMargin": 86.993,
    "operatingMargin": 35.293,
    "pretaxMargin": 25.089,
    "profitMargin": 19.371,
    "ebitdaMargin": 37.709,
    "ebitMargin": 35.293,
    "fcfMargin": 31.933,
    "dividendYield": 0.756,
    "dividendGrowthYears": 1.0,
    "payoutRatio": 25.062,
    "buybackYield": 4.603,
    "earningsYield": 3.082,
    "fcfYield": 5.08,
    "priceTarget": 6025.6,
    "revenue5y": 9.24,
    "eps5y": 18.49,
    "currentPrice": 5077.74
  },
  "MGM": {
    "industry": "\u65c5\u904a",
    "marketcap": 8718993440.0,
    "enterpriseValue": 37897495440.0,
    "earningsdate": "Oct 29 2025",
    "exdivdate": null,
    "sharesOutClass": 272213345.0,
    "sharesout": 272213345.0,
    "sharesgrowthyoy": -11.652,
    "sharesgrowthqoq": -1.124,
    "float": 204079347.0,
    "pe": 138.035,
    "peForward": 14.449,
    "ps": 0.524,
    "psForward": 0.495,
    "pb": 3.258,
    "pegRatio": 1.63,
    "evEarnings": 564.14,
    "evSales": 2.19,
    "evEbitda": 16.38,
    "evEbit": 27.77,
    "evFcf": 27.67,
    "currentRatio": 1.235,
    "quickRatio": 1.08,
    "debtEquity": 9.13,
    "debtEbitda": 6.84,
    "debtFcf": 23.02,
    "interestCoverage": 3.221,
    "assetturnover": 0.411,
    "inventoryturnover": 70.341,
    "shortInterest": 22009643.0,
    "shortShares": 8.085,
    "shortFloat": 10.785,
    "revenue": 17278978000.0,
    "gp": 7714407000.0,
    "opinc": 1364756000.0,
    "pretax": 386637000.0,
    "netinc": 67177000.0,
    "ebitda": 2313121000.0,
    "ebit": 1364756000.0,
    "debt": 31520938000.0,
    "workingcapital": 747351000.0,
    "ncfo": 2545938000.0,
    "capex": -1176489000.0,
    "fcf": 1369449000.0,
    "grossMargin": 44.646,
    "operatingMargin": 7.898,
    "pretaxMargin": 2.238,
    "profitMargin": 0.403,
    "ebitdaMargin": 13.387,
    "ebitMargin": 7.898,
    "fcfMargin": 7.926,
    "dividendYield": null,
    "dividendGrowthYears": null,
    "payoutRatio": null,
    "buybackYield": 11.652,
    "earningsYield": 0.77,
    "fcfYield": 15.707,
    "priceTarget": 46.42,
    "revenue5y": 2.7,
    "eps5y": 5.87,
    "currentPrice": 32.03
  },
  "LVS": {
    "industry": "\u65c5\u904a",
    "marketcap": 40127324474.0,
    "enterpriseValue": 52597324474.0,
    "earningsdate": "Oct 22 2025",
    "exdivdate": "Nov 4 2025",
    "sharesOutClass": 676113302.0,
    "sharesout": 676113302.0,
    "sharesgrowthyoy": -5.662,
    "sharesgrowthqoq": -1.58,
    "float": 310936012.0,
    "pe": 26.791,
    "peForward": 20.447,
    "ps": 3.397,
    "psForward": 3.163,
    "pb": 25.613,
    "pegRatio": 1.206,
    "evEarnings": 33.8,
    "evSales": 4.29,
    "evEbitda": 12.36,
    "evEbit": 18.83,
    "evFcf": 40.68,
    "currentRatio": 0.889,
    "quickRatio": 0.835,
    "debtEquity": 8.48,
    "debtEbitda": 3.64,
    "debtFcf": 12.24,
    "interestCoverage": 3.8,
    "assetturnover": 0.572,
    "inventoryturnover": 57.581,
    "shortInterest": 8660702.0,
    "shortShares": 1.281,
    "shortFloat": 2.785,
    "revenue": 12264000000.0,
    "gp": 9788000000.0,
    "opinc": 2793000000.0,
    "pretax": 2123000000.0,
    "netinc": 1556000000.0,
    "ebitda": 4255000000.0,
    "ebit": 2793000000.0,
    "debt": 15823000000.0,
    "workingcapital": -519000000.0,
    "ncfo": 2734000000.0,
    "capex": -1441000000.0,
    "fcf": 1293000000.0,
    "grossMargin": 79.811,
    "operatingMargin": 22.774,
    "pretaxMargin": 17.311,
    "profitMargin": 12.688,
    "ebitdaMargin": 34.695,
    "ebitMargin": 22.774,
    "fcfMargin": 10.543,
    "dividendYield": 1.685,
    "dividendGrowthYears": 1.0,
    "payoutRatio": 45.141,
    "buybackYield": 5.662,
    "earningsYield": 3.878,
    "fcfYield": 3.222,
    "priceTarget": 64.46,
    "revenue5y": 6.69,
    "eps5y": 21.03,
    "currentPrice": 59.35
  },
  "MAR": {
    "industry": "\u65c5\u904a",
    "marketcap": 70736483687.0,
    "enterpriseValue": 86601483687.0,
    "earningsdate": "Nov 4 2025",
    "exdivdate": "Aug 21 2025",
    "sharesOutClass": 271457839.0,
    "sharesout": 271457839.0,
    "sharesgrowthyoy": -5.009,
    "sharesgrowthqoq": -1.08,
    "float": 237339125.0,
    "pe": 29.431,
    "peForward": 24.697,
    "ps": 10.676,
    "psForward": 2.613,
    "pb": null,
    "pegRatio": 2.551,
    "evEarnings": 35.1,
    "evSales": 12.77,
    "evEbitda": 19.7,
    "evEbit": 21.75,
    "evFcf": 52.3,
    "currentRatio": 0.492,
    "quickRatio": 0.446,
    "debtEquity": null,
    "debtEbitda": 3.55,
    "debtFcf": 9.99,
    "interestCoverage": 5.28,
    "assetturnover": 0.256,
    "inventoryturnover": null,
    "shortInterest": 8265920.0,
    "shortShares": 3.045,
    "shortFloat": 3.483,
    "revenue": 6783000000.0,
    "gp": 5541000000.0,
    "opinc": 3981000000.0,
    "pretax": 3202000000.0,
    "netinc": 2467000000.0,
    "ebitda": 4396000000.0,
    "ebit": 3981000000.0,
    "debt": 16536000000.0,
    "workingcapital": -4165000000.0,
    "ncfo": 2488000000.0,
    "capex": -832000000.0,
    "fcf": 1656000000.0,
    "grossMargin": 81.69,
    "operatingMargin": 58.691,
    "pretaxMargin": 47.206,
    "profitMargin": 36.37,
    "ebitdaMargin": 64.809,
    "ebitMargin": 58.691,
    "fcfMargin": 24.414,
    "dividendYield": 1.028,
    "dividendGrowthYears": 3.0,
    "payoutRatio": 29.366,
    "buybackYield": 5.009,
    "earningsYield": 3.488,
    "fcfYield": 2.341,
    "priceTarget": 282.72,
    "revenue5y": 35.96,
    "eps5y": 16.89,
    "currentPrice": 260.58
  },
  "EXPE": {
    "industry": "\u8edf\u9ad4",
    "marketcap": 27217428260.0,
    "enterpriseValue": 27043428260.0,
    "earningsdate": "Nov 6 2025",
    "exdivdate": "Aug 28 2025",
    "sharesOutClass": 118192131.0,
    "sharesout": 123715583.0,
    "sharesgrowthyoy": -5.647,
    "sharesgrowthqoq": 3.24,
    "float": 116624621.0,
    "pe": 26.698,
    "peForward": 14.74,
    "ps": 2.014,
    "psForward": 1.805,
    "pb": 32.761,
    "pegRatio": 0.906,
    "evEarnings": 24.3,
    "evSales": 1.93,
    "evEbitda": 14.26,
    "evEbit": 15.88,
    "evFcf": 13.54,
    "currentRatio": 0.751,
    "quickRatio": 0.594,
    "debtEquity": 3.11,
    "debtEbitda": 3.29,
    "debtFcf": 3.25,
    "interestCoverage": 7.126,
    "assetturnover": 0.53,
    "inventoryturnover": 2.891,
    "shortInterest": 6664523.0,
    "shortShares": 5.387,
    "shortFloat": 5.715,
    "revenue": 14018000000.0,
    "gp": 12561000000.0,
    "opinc": 1703000000.0,
    "pretax": 1415000000.0,
    "netinc": 1113000000.0,
    "ebitda": 1897000000.0,
    "ebit": 1703000000.0,
    "debt": 6497000000.0,
    "workingcapital": -4881000000.0,
    "ncfo": 2778000000.0,
    "capex": -781000000.0,
    "fcf": 1997000000.0,
    "grossMargin": 89.606,
    "operatingMargin": 12.149,
    "pretaxMargin": 10.094,
    "profitMargin": 7.94,
    "ebitdaMargin": 13.533,
    "ebitMargin": 12.149,
    "fcfMargin": 14.246,
    "dividendYield": 0.727,
    "dividendGrowthYears": null,
    "payoutRatio": 14.562,
    "buybackYield": 5.647,
    "earningsYield": 4.089,
    "fcfYield": 7.337,
    "priceTarget": 212.21,
    "revenue5y": 6.5,
    "eps5y": 22.96,
    "currentPrice": 220.0
  },
  "WYNN": {
    "industry": "\u65c5\u904a",
    "marketcap": 12250920064.0,
    "enterpriseValue": 22435719064.0,
    "earningsdate": "Nov 6 2025",
    "exdivdate": "Aug 18 2025",
    "sharesOutClass": 102957560.0,
    "sharesout": 102957560.0,
    "sharesgrowthyoy": -4.347,
    "sharesgrowthqoq": -1.844,
    "float": 74226599.0,
    "pe": 35.028,
    "peForward": 22.794,
    "ps": 1.822,
    "psForward": 1.667,
    "pb": null,
    "pegRatio": 7.856,
    "evEarnings": 58.44,
    "evSales": 3.22,
    "evEbitda": 13.16,
    "evEbit": 20.35,
    "evFcf": 30.18,
    "currentRatio": 1.034,
    "quickRatio": 0.954,
    "debtEquity": null,
    "debtEbitda": 6.88,
    "debtFcf": 16.37,
    "interestCoverage": 1.713,
    "assetturnover": 0.537,
    "inventoryturnover": 28.909,
    "shortInterest": 4625043.0,
    "shortShares": 4.492,
    "shortFloat": 6.231,
    "revenue": 6970314000.0,
    "gp": 4762105000.0,
    "opinc": 1102421000.0,
    "pretax": 472654000.0,
    "netinc": 383884000.0,
    "ebitda": 1704602000.0,
    "ebit": 1102421000.0,
    "debt": 12169551000.0,
    "workingcapital": 81441000.0,
    "ncfo": 1297185000.0,
    "capex": -553789000.0,
    "fcf": 743396000.0,
    "grossMargin": 68.32,
    "operatingMargin": 15.816,
    "pretaxMargin": 6.781,
    "profitMargin": 5.507,
    "ebitdaMargin": 24.455,
    "ebitMargin": 15.816,
    "fcfMargin": 10.665,
    "dividendYield": 0.84,
    "dividendGrowthYears": 1.0,
    "payoutRatio": 29.438,
    "buybackYield": 4.347,
    "earningsYield": 3.134,
    "fcfYield": 6.068,
    "priceTarget": 131.23,
    "revenue5y": 4.33,
    "eps5y": 20.98,
    "currentPrice": 118.99
  },
  "NEE": {
    "industry": "\u5de5\u696d",
    "marketcap": 169524428278.0,
    "enterpriseValue": 260255428278.0,
    "earningsdate": "Oct 28 2025",
    "exdivdate": "Nov 21 2025",
    "sharesOutClass": 2082609684.0,
    "sharesout": 2082609684.0,
    "sharesgrowthyoy": 0.312,
    "sharesgrowthqoq": 0.451,
    "float": 2078241140.0,
    "pe": 25.836,
    "peForward": 21.723,
    "ps": 6.37,
    "psForward": 6.038,
    "pb": 3.129,
    "pegRatio": 2.892,
    "evEarnings": 40.02,
    "evSales": 9.9,
    "evEbitda": 18.01,
    "evEbit": 34.06,
    "evFcf": null,
    "currentRatio": 0.553,
    "quickRatio": 0.357,
    "debtEquity": 1.44,
    "debtEbitda": 6.44,
    "debtFcf": null,
    "interestCoverage": 2.343,
    "assetturnover": 0.135,
    "inventoryturnover": 4.262,
    "shortInterest": 30051071.0,
    "shortShares": 1.443,
    "shortFloat": 1.446,
    "revenue": 26297000000.0,
    "gp": 16315000000.0,
    "opinc": 7642000000.0,
    "pretax": 4256000000.0,
    "netinc": 6503000000.0,
    "ebitda": 14450000000.0,
    "ebit": 7642000000.0,
    "debt": 93122000000.0,
    "workingcapital": -10240000000.0,
    "ncfo": 11967000000.0,
    "capex": -23949000000.0,
    "fcf": -11982000000.0,
    "grossMargin": 62.041,
    "operatingMargin": 29.06,
    "pretaxMargin": 16.184,
    "profitMargin": 24.729,
    "ebitdaMargin": 54.949,
    "ebitMargin": 29.06,
    "fcfMargin": null,
    "dividendYield": 2.784,
    "dividendGrowthYears": 29.0,
    "payoutRatio": 71.921,
    "buybackYield": -0.312,
    "earningsYield": 3.836,
    "fcfYield": -7.068,
    "priceTarget": 91.36,
    "revenue5y": 10.03,
    "eps5y": 7.91,
    "currentPrice": 81.4
  },
  "SEDG": {
    "industry": "\u5de5\u696d",
    "marketcap": 2083461486.0,
    "enterpriseValue": 2061862486.0,
    "earningsdate": "Nov 5 2025",
    "exdivdate": null,
    "sharesOutClass": 59374793.0,
    "sharesout": 59374793.0,
    "sharesgrowthyoy": 1.658,
    "sharesgrowthqoq": 0.767,
    "float": 55244344.0,
    "pe": null,
    "peForward": null,
    "ps": 2.156,
    "psForward": 1.484,
    "pb": 4.043,
    "pegRatio": null,
    "evEarnings": null,
    "evSales": 2.19,
    "evEbitda": null,
    "evEbit": null,
    "evFcf": null,
    "currentRatio": 1.939,
    "quickRatio": 1.303,
    "debtEquity": 1.48,
    "debtEbitda": null,
    "debtFcf": null,
    "interestCoverage": -79.185,
    "assetturnover": 0.292,
    "inventoryturnover": 1.67,
    "shortInterest": 13375660.0,
    "shortShares": 22.528,
    "shortFloat": 24.212,
    "revenue": 940561000.0,
    "gp": -758676000.0,
    "opinc": -1262444000.0,
    "pretax": -1597963000.0,
    "netinc": -1741495000.0,
    "ebitda": -1216782000.0,
    "ebit": -1262444000.0,
    "debt": 759558000.0,
    "workingcapital": 955183000.0,
    "ncfo": -25504000.0,
    "capex": -70993000.0,
    "fcf": -96497000.0,
    "grossMargin": -80.662,
    "operatingMargin": -134.222,
    "pretaxMargin": -169.895,
    "profitMargin": -185.155,
    "ebitdaMargin": -129.368,
    "ebitMargin": -134.222,
    "fcfMargin": null,
    "dividendYield": null,
    "dividendGrowthYears": null,
    "payoutRatio": null,
    "buybackYield": -1.658,
    "earningsYield": -83.587,
    "fcfYield": -4.632,
    "priceTarget": 21.71,
    "revenue5y": 15.63,
    "eps5y": null,
    "currentPrice": 35.09
  },
  "HON": {
    "industry": "\u5de5\u696d",
    "marketcap": 127821841587.0,
    "enterpriseValue": 152677841587.0,
    "earningsdate": "Oct 23 2025",
    "exdivdate": "Nov 14 2025",
    "sharesOutClass": 634887208.0,
    "sharesout": 634887208.0,
    "sharesgrowthyoy": -1.507,
    "sharesgrowthqoq": -0.328,
    "float": 602751477.0,
    "pe": 21.254,
    "peForward": 19.489,
    "ps": 3.182,
    "psForward": 2.984,
    "pb": 7.617,
    "pegRatio": 2.745,
    "evEarnings": 24.91,
    "evSales": 3.75,
    "evEbitda": 15.61,
    "evEbit": 18.56,
    "evFcf": 24.77,
    "currentRatio": 1.358,
    "quickRatio": 0.985,
    "debtEquity": 2.15,
    "debtEbitda": 3.8,
    "debtFcf": 6.2,
    "interestCoverage": 6.523,
    "assetturnover": 0.527,
    "inventoryturnover": 3.812,
    "shortInterest": 20656314.0,
    "shortShares": 3.254,
    "shortFloat": 3.427,
    "revenue": 40670000000.0,
    "gp": 15025000000.0,
    "opinc": 8226000000.0,
    "pretax": 7521000000.0,
    "netinc": 6129000000.0,
    "ebitda": 9778000000.0,
    "ebit": 8226000000.0,
    "debt": 38215000000.0,
    "workingcapital": 8108000000.0,
    "ncfo": 7485000000.0,
    "capex": -1321000000.0,
    "fcf": 6164000000.0,
    "grossMargin": 36.944,
    "operatingMargin": 20.226,
    "pretaxMargin": 18.493,
    "profitMargin": 15.07,
    "ebitdaMargin": 24.042,
    "ebitMargin": 20.226,
    "fcfMargin": 15.156,
    "dividendYield": 2.364,
    "dividendGrowthYears": 14.0,
    "payoutRatio": 48.349,
    "buybackYield": 1.507,
    "earningsYield": 4.795,
    "fcfYield": 4.822,
    "priceTarget": 250.08,
    "revenue5y": null,
    "eps5y": null,
    "currentPrice": 201.33
  },
  "FSLR": {
    "industry": "\u5de5\u696d",
    "marketcap": 28644835159.0,
    "enterpriseValue": 27496830159.0,
    "earningsdate": "Oct 30 2025",
    "exdivdate": null,
    "sharesOutClass": 107308141.0,
    "sharesout": 107308141.0,
    "sharesgrowthyoy": -0.004,
    "sharesgrowthqoq": 0.019,
    "float": 101324856.0,
    "pe": 20.487,
    "peForward": 11.914,
    "ps": 5.664,
    "psForward": 4.5,
    "pb": 3.177,
    "pegRatio": 0.361,
    "evEarnings": 19.63,
    "evSales": 5.44,
    "evEbitda": 13.62,
    "evEbit": 18.26,
    "evFcf": 44.75,
    "currentRatio": 1.91,
    "quickRatio": 1.382,
    "debtEquity": 0.1,
    "debtEbitda": 0.44,
    "debtFcf": 1.45,
    "interestCoverage": 34.442,
    "assetturnover": 0.406,
    "inventoryturnover": 2.149,
    "shortInterest": 8408393.0,
    "shortShares": 7.836,
    "shortFloat": 8.298,
    "revenue": 5050625000.0,
    "gp": 2022659000.0,
    "opinc": 1505715000.0,
    "pretax": 1475917000.0,
    "netinc": 1400462000.0,
    "ebitda": 2018719000.0,
    "ebit": 1505715000.0,
    "debt": 891915000.0,
    "workingcapital": 2811914000.0,
    "ncfo": 1626208000.0,
    "capex": -1011687000.0,
    "fcf": 614521000.0,
    "grossMargin": 40.048,
    "operatingMargin": 29.812,
    "pretaxMargin": 29.222,
    "profitMargin": 27.728,
    "ebitdaMargin": 39.97,
    "ebitMargin": 29.812,
    "fcfMargin": 12.167,
    "dividendYield": null,
    "dividendGrowthYears": null,
    "payoutRatio": null,
    "buybackYield": 0.004,
    "earningsYield": 4.889,
    "fcfYield": 2.145,
    "priceTarget": 243.04,
    "revenue5y": 12.92,
    "eps5y": 22.89,
    "currentPrice": 266.94
  },
  "CAT": {
    "industry": "\u5de5\u696d",
    "marketcap": 270434143091.0,
    "enterpriseValue": 305335143091.0,
    "earningsdate": "Oct 29 2025",
    "exdivdate": "Oct 20 2025",
    "sharesOutClass": 468478923.0,
    "sharesout": 468478923.0,
    "sharesgrowthyoy": -4.02,
    "sharesgrowthqoq": -0.148,
    "float": 467075729.0,
    "pe": 29.614,
    "peForward": 28.574,
    "ps": 4.226,
    "psForward": 3.982,
    "pb": 13.094,
    "pegRatio": 3.11,
    "evEarnings": 32.93,
    "evSales": 4.72,
    "evEbitda": 21.69,
    "evEbit": 25.59,
    "evFcf": 40.39,
    "currentRatio": 1.384,
    "quickRatio": 0.778,
    "debtEquity": 2.01,
    "debtEbitda": 2.9,
    "debtFcf": 5.49,
    "interestCoverage": 24.751,
    "assetturnover": 0.719,
    "inventoryturnover": 2.303,
    "shortInterest": 7822768.0,
    "shortShares": 1.67,
    "shortFloat": 1.675,
    "revenue": 64671000000.0,
    "gp": 19479000000.0,
    "opinc": 11930000000.0,
    "pretax": 11790000000.0,
    "netinc": 9273000000.0,
    "ebitda": 14079000000.0,
    "ebit": 11930000000.0,
    "debt": 41534000000.0,
    "workingcapital": 13827000000.0,
    "ncfo": 11541000000.0,
    "capex": -3981000000.0,
    "fcf": 7560000000.0,
    "grossMargin": 30.12,
    "operatingMargin": 18.447,
    "pretaxMargin": 18.231,
    "profitMargin": 14.339,
    "ebitdaMargin": 21.77,
    "ebitMargin": 18.447,
    "fcfMargin": 11.69,
    "dividendYield": 1.046,
    "dividendGrowthYears": 32.0,
    "payoutRatio": 29.96,
    "buybackYield": 4.02,
    "earningsYield": 3.429,
    "fcfYield": 2.796,
    "priceTarget": 546.4,
    "revenue5y": 4.06,
    "eps5y": 10.08,
    "currentPrice": 577.26
  },
  "HD": {
    "industry": "\u5de5\u696d",
    "marketcap": 377838817335.0,
    "enterpriseValue": 436954817335.0,
    "earningsdate": "Nov 18 2025",
    "exdivdate": "Sep 4 2025",
    "sharesOutClass": 995386647.0,
    "sharesout": 995386647.0,
    "sharesgrowthyoy": null,
    "sharesgrowthqoq": null,
    "float": 993749034.0,
    "pe": 25.802,
    "peForward": 24.182,
    "ps": 2.28,
    "psForward": 2.191,
    "pb": 35.414,
    "pegRatio": 4.802,
    "evEarnings": 29.87,
    "evSales": 2.65,
    "evEbitda": 17.07,
    "evEbit": 20.23,
    "evFcf": 30.71,
    "currentRatio": 1.147,
    "quickRatio": 0.281,
    "debtEquity": 5.81,
    "debtEbitda": 2.21,
    "debtFcf": 4.35,
    "interestCoverage": 8.806,
    "assetturnover": 1.677,
    "inventoryturnover": 4.593,
    "shortInterest": 10511200.0,
    "shortShares": 1.056,
    "shortFloat": 1.058,
    "revenue": 165054000000.0,
    "gp": 55043000000.0,
    "opinc": 21601000000.0,
    "pretax": 19257000000.0,
    "netinc": 14629000000.0,
    "ebitda": 25603000000.0,
    "ebit": 21601000000.0,
    "debt": 61920000000.0,
    "workingcapital": 4545000000.0,
    "ncfo": 17872000000.0,
    "capex": -3642000000.0,
    "fcf": 14230000000.0,
    "grossMargin": 33.348,
    "operatingMargin": 13.087,
    "pretaxMargin": 11.667,
    "profitMargin": 8.863,
    "ebitdaMargin": 15.512,
    "ebitMargin": 13.087,
    "fcfMargin": 8.621,
    "dividendYield": 2.424,
    "dividendGrowthYears": 15.0,
    "payoutRatio": 62.196,
    "buybackYield": -0.05,
    "earningsYield": 3.872,
    "fcfYield": 3.766,
    "priceTarget": 441.71,
    "revenue5y": 4.37,
    "eps5y": 7.44,
    "currentPrice": 379.59
  },
  "ENPH": {
    "industry": "\u5de5\u696d",
    "marketcap": 3992529722.0,
    "enterpriseValue": 3748228722.0,
    "earningsdate": "Oct 28 2025",
    "exdivdate": null,
    "sharesOutClass": 130859709.0,
    "sharesout": 130859709.0,
    "sharesgrowthyoy": 0.915,
    "sharesgrowthqoq": -1.645,
    "float": 126569968.0,
    "pe": 21.165,
    "peForward": 14.574,
    "ps": 2.66,
    "psForward": 2.823,
    "pb": 4.012,
    "pegRatio": null,
    "evEarnings": 19.16,
    "evSales": 2.48,
    "evEbitda": 13.32,
    "evEbit": 18.1,
    "evFcf": 17.25,
    "currentRatio": 2.042,
    "quickRatio": 1.518,
    "debtEquity": 1.24,
    "debtEbitda": 4.2,
    "debtFcf": 5.68,
    "interestCoverage": 34.835,
    "assetturnover": 0.459,
    "inventoryturnover": 5.925,
    "shortInterest": 27256856.0,
    "shortShares": 20.829,
    "shortFloat": 21.535,
    "revenue": 1512377000.0,
    "gp": 482966000.0,
    "opinc": 207062000.0,
    "pretax": 235816000.0,
    "netinc": 195580000.0,
    "ebitda": 281383000.0,
    "ebit": 207062000.0,
    "debt": 1233623000.0,
    "workingcapital": 1220643000.0,
    "ncfo": 256253000.0,
    "capex": -38963000.0,
    "fcf": 217290000.0,
    "grossMargin": 31.934,
    "operatingMargin": 13.691,
    "pretaxMargin": 15.592,
    "profitMargin": 12.932,
    "ebitdaMargin": 18.605,
    "ebitMargin": 13.691,
    "fcfMargin": 14.367,
    "dividendYield": null,
    "dividendGrowthYears": null,
    "payoutRatio": null,
    "buybackYield": -0.915,
    "earningsYield": 4.899,
    "fcfYield": 5.442,
    "priceTarget": 47.2,
    "revenue5y": 5.52,
    "eps5y": 39.09,
    "currentPrice": 30.51
  },
  "OKLO": {
    "industry": "\u5de5\u696d",
    "marketcap": 19598072687.0,
    "enterpriseValue": 19065511687.0,
    "earningsdate": "Nov 11 2025",
    "exdivdate": null,
    "sharesOutClass": 147609194.0,
    "sharesout": 147609194.0,
    "sharesgrowthyoy": 63.36,
    "sharesgrowthqoq": 1.43,
    "float": 115768671.0,
    "pe": null,
    "peForward": null,
    "ps": null,
    "psForward": null,
    "pb": 28.139,
    "pegRatio": null,
    "evEarnings": null,
    "evSales": null,
    "evEbitda": null,
    "evEbit": null,
    "evFcf": null,
    "currentRatio": 71.272,
    "quickRatio": 70.561,
    "debtEquity": 0.0,
    "debtEbitda": null,
    "debtFcf": null,
    "interestCoverage": null,
    "assetturnover": null,
    "inventoryturnover": null,
    "shortInterest": 16359701.0,
    "shortShares": 11.083,
    "shortFloat": 14.131,
    "revenue": null,
    "gp": null,
    "opinc": -73549000.0,
    "pretax": -60260000.0,
    "netinc": -56799000.0,
    "ebitda": -73144000.0,
    "ebit": -73549000.0,
    "debt": 1864000.0,
    "workingcapital": 535048000.0,
    "ncfo": -52063000.0,
    "capex": -1389000.0,
    "fcf": -53452000.0,
    "grossMargin": null,
    "operatingMargin": null,
    "pretaxMargin": null,
    "profitMargin": null,
    "ebitdaMargin": null,
    "ebitMargin": null,
    "fcfMargin": null,
    "dividendYield": null,
    "dividendGrowthYears": null,
    "payoutRatio": null,
    "buybackYield": -63.36,
    "earningsYield": -0.29,
    "fcfYield": -0.273,
    "priceTarget": 91.4,
    "revenue5y": null,
    "eps5y": null,
    "currentPrice": 132.77
  },
  "APD": {
    "industry": "\u5de5\u696d",
    "marketcap": 53989287528.0,
    "enterpriseValue": 70028587528.0,
    "earningsdate": "Nov 6 2025",
    "exdivdate": "Oct 1 2025",
    "sharesOutClass": 222553640.0,
    "sharesout": 222553640.0,
    "sharesgrowthyoy": -0.022,
    "sharesgrowthqoq": 0.045,
    "float": 221435490.0,
    "pe": 34.394,
    "peForward": 19.008,
    "ps": 4.479,
    "psForward": 4.284,
    "pb": 3.475,
    "pegRatio": 2.656,
    "evEarnings": 45.17,
    "evSales": 5.81,
    "evEbitda": 16.03,
    "evEbit": 24.68,
    "evFcf": null,
    "currentRatio": 1.292,
    "quickRatio": 1.025,
    "debtEquity": 1.03,
    "debtEbitda": 4.08,
    "debtFcf": null,
    "interestCoverage": 14.401,
    "assetturnover": 0.307,
    "inventoryturnover": 10.577,
    "shortInterest": 5127527.0,
    "shortShares": 2.304,
    "shortFloat": 2.316,
    "revenue": 12057900000.0,
    "gp": 3843000000.0,
    "opinc": 2837000000.0,
    "pretax": 1941300000.0,
    "netinc": 1550500000.0,
    "ebitda": 4369200000.0,
    "ebit": 2837000000.0,
    "debt": 18370400000.0,
    "workingcapital": 1388000000.0,
    "ncfo": 2952600000.0,
    "capex": -7580100000.0,
    "fcf": -4627500000.0,
    "grossMargin": 31.871,
    "operatingMargin": 23.528,
    "pretaxMargin": 16.1,
    "profitMargin": 12.859,
    "ebitdaMargin": 36.235,
    "ebitMargin": 23.528,
    "fcfMargin": null,
    "dividendYield": 2.951,
    "dividendGrowthYears": 50.0,
    "payoutRatio": 102.662,
    "buybackYield": 0.022,
    "earningsYield": 2.872,
    "fcfYield": -8.571,
    "priceTarget": 325.45,
    "revenue5y": 4.61,
    "eps5y": -0.85,
    "currentPrice": 242.59
  },
  "SUM": {
    "industry": "\u5de5\u696d",
    "marketcap": 2807100.0,
    "enterpriseValue": 1893104.0,
    "earningsdate": "Oct 2 2025",
    "exdivdate": null,
    "sharesOutClass": 107904935.0,
    "sharesout": 107904935.0,
    "sharesgrowthyoy": 55.697,
    "sharesgrowthqoq": 6.656,
    "float": 64199329.0,
    "pe": null,
    "peForward": null,
    "ps": 43.851,
    "psForward": 2.127,
    "pb": 0.368,
    "pegRatio": null,
    "evEarnings": -0.59,
    "evSales": 29.81,
    "evEbitda": null,
    "evEbit": null,
    "evFcf": -0.94,
    "currentRatio": 10.89,
    "quickRatio": 10.785,
    "debtEquity": null,
    "debtEbitda": null,
    "debtFcf": null,
    "interestCoverage": null,
    "assetturnover": 0.008,
    "inventoryturnover": null,
    "shortInterest": 7001179.0,
    "shortShares": 3.982,
    "shortFloat": 5.83,
    "revenue": 64014.0,
    "gp": 64014.0,
    "opinc": -3221320.0,
    "pretax": -3214744.0,
    "netinc": -3214744.0,
    "ebitda": -3051984.0,
    "ebit": -3221320.0,
    "debt": null,
    "workingcapital": 862839.0,
    "ncfo": -974270.0,
    "capex": -1037474.0,
    "fcf": -2011744.0,
    "grossMargin": 100.0,
    "operatingMargin": -5032.212,
    "pretaxMargin": -5021.939,
    "profitMargin": null,
    "ebitdaMargin": null,
    "ebitMargin": null,
    "fcfMargin": null,
    "dividendYield": null,
    "dividendGrowthYears": null,
    "payoutRatio": null,
    "buybackYield": -55.697,
    "earningsYield": -114.522,
    "fcfYield": -71.666,
    "priceTarget": 50.62,
    "revenue5y": null,
    "eps5y": null,
    "currentPrice": null
  },
  "X": {
    "industry": "\u5de5\u696d",
    "marketcap": null,
    "enterpriseValue": null,
    "earningsdate": null,
    "exdivdate": null,
    "sharesOutClass": null,
    "sharesout": null,
    "sharesgrowthyoy": null,
    "sharesgrowthqoq": null,
    "float": null,
    "pe": null,
    "peForward": null,
    "ps": null,
    "psForward": null,
    "pb": null,
    "pegRatio": null,
    "evEarnings": null,
    "evSales": null,
    "evEbitda": null,
    "evEbit": null,
    "evFcf": null,
    "currentRatio": null,
    "quickRatio": null,
    "debtEquity": null,
    "debtEbitda": null,
    "debtFcf": null,
    "interestCoverage": null,
    "assetturnover": null,
    "inventoryturnover": null,
    "shortInterest": null,
    "shortShares": null,
    "shortFloat": null,
    "revenue": null,
    "gp": null,
    "opinc": null,
    "pretax": null,
    "netinc": null,
    "ebitda": null,
    "ebit": null,
    "debt": null,
    "workingcapital": null,
    "ncfo": null,
    "capex": null,
    "fcf": null,
    "grossMargin": null,
    "operatingMargin": null,
    "pretaxMargin": null,
    "profitMargin": null,
    "ebitdaMargin": null,
    "ebitMargin": null,
    "fcfMargin": null,
    "dividendYield": null,
    "dividendGrowthYears": null,
    "payoutRatio": null,
    "buybackYield": null,
    "earningsYield": null,
    "fcfYield": null,
    "priceTarget": null,
    "revenue5y": null,
    "eps5y": null,
    "currentPrice": null
  },
  "WM": {
    "industry": "\u5de5\u696d",
    "marketcap": 80480750778.0,
    "enterpriseValue": 103667750778.0,
    "earningsdate": "Oct 27 2025",
    "exdivdate": "Sep 12 2025",
    "sharesOutClass": 402867051.0,
    "sharesout": 402867051.0,
    "sharesgrowthyoy": 0.099,
    "sharesgrowthqoq": null,
    "float": 401638862.0,
    "pe": 31.458,
    "peForward": 24.866,
    "ps": 3.243,
    "psForward": 2.94,
    "pb": 8.455,
    "pegRatio": 2.308,
    "evEarnings": 40.43,
    "evSales": 4.18,
    "evEbitda": 14.25,
    "evEbit": 22.87,
    "evFcf": 43.16,
    "currentRatio": 0.843,
    "quickRatio": 0.731,
    "debtEquity": 2.45,
    "debtEbitda": 3.1,
    "debtFcf": 9.73,
    "interestCoverage": 5.092,
    "assetturnover": 0.617,
    "inventoryturnover": 73.081,
    "shortInterest": 4663738.0,
    "shortShares": 1.158,
    "shortFloat": 1.161,
    "revenue": 24784000000.0,
    "gp": 9912000000.0,
    "opinc": 4532000000.0,
    "pretax": 3191000000.0,
    "netinc": 2564000000.0,
    "ebitda": 7277000000.0,
    "ebit": 4532000000.0,
    "debt": 23362000000.0,
    "workingcapital": -898000000.0,
    "ncfo": 5856000000.0,
    "capex": -3454000000.0,
    "fcf": 2402000000.0,
    "grossMargin": 39.994,
    "operatingMargin": 18.286,
    "pretaxMargin": 12.875,
    "profitMargin": 10.345,
    "ebitdaMargin": 29.362,
    "ebitMargin": 18.286,
    "fcfMargin": 9.692,
    "dividendYield": 1.652,
    "dividendGrowthYears": 21.0,
    "payoutRatio": 50.784,
    "buybackYield": -0.099,
    "earningsYield": 3.186,
    "fcfYield": 2.985,
    "priceTarget": 247.7,
    "revenue5y": 8.27,
    "eps5y": 10.98,
    "currentPrice": 199.77
  },
  "GE": {
    "industry": "\u5de5\u696d",
    "marketcap": 325884757803.0,
    "enterpriseValue": 334696757803.0,
    "earningsdate": "Oct 21 2025",
    "exdivdate": "Sep 29 2025",
    "sharesOutClass": 1054813911.0,
    "sharesout": 1054813911.0,
    "sharesgrowthyoy": -2.298,
    "sharesgrowthqoq": -0.838,
    "float": 1050988201.0,
    "pe": 41.227,
    "peForward": 46.089,
    "ps": 7.506,
    "psForward": 7.15,
    "pb": 17.323,
    "pegRatio": 2.222,
    "evEarnings": 41.52,
    "evSales": 7.62,
    "evEbitda": 29.71,
    "evEbit": 33.29,
    "evFcf": 51.94,
    "currentRatio": 1.077,
    "quickRatio": 0.717,
    "debtEquity": 1.15,
    "debtEbitda": 1.88,
    "debtFcf": 3.4,
    "interestCoverage": 12.305,
    "assetturnover": 0.345,
    "inventoryturnover": 2.559,
    "shortInterest": 11287867.0,
    "shortShares": 1.07,
    "shortFloat": 1.074,
    "revenue": 43950000000.0,
    "gp": 14266000000.0,
    "opinc": 10053000000.0,
    "pretax": 9441000000.0,
    "netinc": 8062000000.0,
    "ebitda": 11264000000.0,
    "ebit": 10053000000.0,
    "debt": 21921000000.0,
    "workingcapital": 2871000000.0,
    "ncfo": 7553000000.0,
    "capex": -1109000000.0,
    "fcf": 6444000000.0,
    "grossMargin": 32.46,
    "operatingMargin": 22.874,
    "pretaxMargin": 21.481,
    "profitMargin": 18.344,
    "ebitdaMargin": 25.629,
    "ebitMargin": 22.874,
    "fcfMargin": 14.662,
    "dividendYield": 0.466,
    "dividendGrowthYears": 1.0,
    "payoutRatio": 18.13,
    "buybackYield": 2.298,
    "earningsYield": 2.474,
    "fcfYield": 1.977,
    "priceTarget": 298.33,
    "revenue5y": 8.68,
    "eps5y": 11.42,
    "currentPrice": 308.95
  },
  "DE": {
    "industry": "\u5de5\u696d",
    "marketcap": 124792157229.0,
    "enterpriseValue": 184962157229.0,
    "earningsdate": "Nov 20 2025",
    "exdivdate": "Sep 30 2025",
    "sharesOutClass": 270329392.0,
    "sharesout": 270329392.0,
    "sharesgrowthyoy": -2.836,
    "sharesgrowthqoq": -0.147,
    "float": 269814222.0,
    "pe": 24.145,
    "peForward": 24.682,
    "ps": 2.832,
    "psForward": 3.062,
    "pb": 4.957,
    "pegRatio": null,
    "evEarnings": 35.52,
    "evSales": 4.18,
    "evEbitda": 21.88,
    "evEbit": 28.69,
    "evFcf": 45.1,
    "currentRatio": 2.229,
    "quickRatio": 2.003,
    "debtEquity": 2.67,
    "debtEbitda": 7.76,
    "debtFcf": 16.43,
    "interestCoverage": 26.418,
    "assetturnover": 0.41,
    "inventoryturnover": 3.475,
    "shortInterest": 4024816.0,
    "shortShares": 1.489,
    "shortFloat": 1.492,
    "revenue": 44250000000.0,
    "gp": 12134000000.0,
    "opinc": 6446000000.0,
    "pretax": 6334000000.0,
    "netinc": 5207000000.0,
    "ebitda": 8454000000.0,
    "ebit": 6446000000.0,
    "debt": 67396000000.0,
    "workingcapital": 43630000000.0,
    "ncfo": 8556000000.0,
    "capex": -4455000000.0,
    "fcf": 4101000000.0,
    "grossMargin": 27.421,
    "operatingMargin": 14.567,
    "pretaxMargin": 14.314,
    "profitMargin": 11.767,
    "ebitdaMargin": 19.105,
    "ebitMargin": 14.567,
    "fcfMargin": 9.268,
    "dividendYield": 1.404,
    "dividendGrowthYears": 4.0,
    "payoutRatio": 33.893,
    "buybackYield": 2.836,
    "earningsYield": 4.173,
    "fcfYield": 3.286,
    "priceTarget": 525.88,
    "revenue5y": null,
    "eps5y": 14.53,
    "currentPrice": 461.63
  },
  "ETN": {
    "industry": "\u5de5\u696d",
    "marketcap": 148541308000.0,
    "enterpriseValue": 159591308000.0,
    "earningsdate": "Nov 4 2025",
    "exdivdate": "Nov 6 2025",
    "sharesOutClass": 389300000.0,
    "sharesout": 389300000.0,
    "sharesgrowthyoy": -1.656,
    "sharesgrowthqoq": -0.559,
    "float": 388114444.0,
    "pe": 38.376,
    "peForward": 29.457,
    "ps": 5.776,
    "psForward": 5.064,
    "pb": 7.984,
    "pegRatio": 2.117,
    "evEarnings": 40.66,
    "evSales": 6.14,
    "evEbitda": 27.15,
    "evEbit": 32.46,
    "evFcf": 48.73,
    "currentRatio": 1.24,
    "quickRatio": 0.686,
    "debtEquity": 0.62,
    "debtEbitda": 1.89,
    "debtFcf": 3.55,
    "interestCoverage": 26.294,
    "assetturnover": 0.651,
    "inventoryturnover": 3.762,
    "shortInterest": 6250171.0,
    "shortShares": 1.605,
    "shortFloat": 1.61,
    "revenue": 25989000000.0,
    "gp": 9918000000.0,
    "opinc": 4917000000.0,
    "pretax": 4733000000.0,
    "netinc": 3925000000.0,
    "ebitda": 5879000000.0,
    "ebit": 4917000000.0,
    "debt": 11634000000.0,
    "workingcapital": 2303000000.0,
    "ncfo": 4062000000.0,
    "capex": -787000000.0,
    "fcf": 3275000000.0,
    "grossMargin": 38.162,
    "operatingMargin": 18.92,
    "pretaxMargin": 18.212,
    "profitMargin": 15.103,
    "ebitdaMargin": 22.621,
    "ebitMargin": 18.92,
    "fcfMargin": 12.601,
    "dividendYield": 1.09,
    "dividendGrowthYears": 15.0,
    "payoutRatio": 41.84,
    "buybackYield": 1.656,
    "earningsYield": 2.642,
    "fcfYield": 2.205,
    "priceTarget": 396.24,
    "revenue5y": 9.61,
    "eps5y": 17.67,
    "currentPrice": 381.56
  },
  "MMM": {
    "industry": "\u5de5\u696d",
    "marketcap": 88448970492.0,
    "enterpriseValue": 96439970492.0,
    "earningsdate": "Oct 21 2025",
    "exdivdate": "Aug 25 2025",
    "sharesOutClass": 531225048.0,
    "sharesout": 531225048.0,
    "sharesgrowthyoy": -2.056,
    "sharesgrowthqoq": -0.462,
    "float": 530439797.0,
    "pe": 26.593,
    "peForward": 19.79,
    "ps": 3.62,
    "psForward": 3.532,
    "pb": 19.112,
    "pegRatio": 2.447,
    "evEarnings": 28.36,
    "evSales": 3.88,
    "evEbitda": 15.65,
    "evEbit": 19.27,
    "evFcf": 60.73,
    "currentRatio": 1.842,
    "quickRatio": 1.027,
    "debtEquity": 2.82,
    "debtEbitda": 2.04,
    "debtFcf": 8.3,
    "interestCoverage": 5.128,
    "assetturnover": 0.633,
    "inventoryturnover": 3.694,
    "shortInterest": 7202274.0,
    "shortShares": 1.356,
    "shortFloat": 1.358,
    "revenue": 24825000000.0,
    "gp": 10173000000.0,
    "opinc": 5005000000.0,
    "pretax": 4267000000.0,
    "netinc": 3401000000.0,
    "ebitda": 6161000000.0,
    "ebit": 5005000000.0,
    "debt": 13179000000.0,
    "workingcapital": 7356000000.0,
    "ncfo": 2541000000.0,
    "capex": -953000000.0,
    "fcf": 1588000000.0,
    "grossMargin": 40.979,
    "operatingMargin": 20.161,
    "pretaxMargin": 17.188,
    "profitMargin": 13.7,
    "ebitdaMargin": 24.818,
    "ebitMargin": 20.161,
    "fcfMargin": 6.397,
    "dividendYield": 1.754,
    "dividendGrowthYears": null,
    "payoutRatio": 46.638,
    "buybackYield": 2.056,
    "earningsYield": 3.845,
    "fcfYield": 1.795,
    "priceTarget": 164.9,
    "revenue5y": 3.11,
    "eps5y": 5.85,
    "currentPrice": 166.5
  },
  "BSX": {
    "industry": "SaaS",
    "marketcap": 149242024576.0,
    "enterpriseValue": 160735024576.0,
    "earningsdate": "Oct 22 2025",
    "exdivdate": null,
    "sharesOutClass": 1481751634.0,
    "sharesout": 1481751634.0,
    "sharesgrowthyoy": 0.707,
    "sharesgrowthqoq": 0.134,
    "float": 1477474011.0,
    "pe": 53.862,
    "peForward": 30.384,
    "ps": 7.695,
    "psForward": 6.86,
    "pb": 6.651,
    "pegRatio": 1.841,
    "evEarnings": 57.59,
    "evSales": 8.31,
    "evEbitda": 30.99,
    "evEbit": 41.96,
    "evFcf": null,
    "currentRatio": null,
    "quickRatio": null,
    "debtEquity": 0.53,
    "debtEbitda": 2.32,
    "debtFcf": null,
    "interestCoverage": 11.301,
    "assetturnover": null,
    "inventoryturnover": null,
    "shortInterest": 19634328.0,
    "shortShares": 1.325,
    "shortFloat": 1.329,
    "revenue": 19349000000.0,
    "gp": 13332000000.0,
    "opinc": 3831000000.0,
    "pretax": 3270000000.0,
    "netinc": 2791000000.0,
    "ebitda": 5187000000.0,
    "ebit": 3831000000.0,
    "debt": 12027000000.0,
    "workingcapital": null,
    "ncfo": null,
    "capex": null,
    "fcf": null,
    "grossMargin": 68.903,
    "operatingMargin": 19.799,
    "pretaxMargin": 16.9,
    "profitMargin": 14.43,
    "ebitdaMargin": 26.808,
    "ebitMargin": 19.799,
    "fcfMargin": null,
    "dividendYield": null,
    "dividendGrowthYears": null,
    "payoutRatio": null,
    "buybackYield": -0.707,
    "earningsYield": 1.87,
    "fcfYield": null,
    "priceTarget": 124.53,
    "revenue5y": 12.15,
    "eps5y": 31.52,
    "currentPrice": 100.72
  },
  "MDB": {
    "industry": "\u8edf\u9ad4",
    "marketcap": 29273837239.0,
    "enterpriseValue": 26997621239.0,
    "earningsdate": "Dec 8 2025",
    "exdivdate": null,
    "sharesOutClass": 81356893.0,
    "sharesout": 81356893.0,
    "sharesgrowthyoy": 8.199,
    "sharesgrowthqoq": 0.021,
    "float": 79050513.0,
    "pe": null,
    "peForward": 95.509,
    "ps": 12.745,
    "psForward": 11.492,
    "pb": 9.97,
    "pegRatio": 6.175,
    "evEarnings": null,
    "evSales": 12.17,
    "evEbitda": null,
    "evEbit": null,
    "evFcf": 112.54,
    "currentRatio": 5.697,
    "quickRatio": 5.286,
    "debtEquity": 0.02,
    "debtEbitda": null,
    "debtFcf": 0.29,
    "interestCoverage": -25.385,
    "assetturnover": 0.665,
    "inventoryturnover": null,
    "shortInterest": 2981689.0,
    "shortShares": 3.665,
    "shortFloat": 3.772,
    "revenue": 2218189000.0,
    "gp": 1604374000.0,
    "opinc": -163786000.0,
    "pretax": -79399000.0,
    "netinc": -78624000.0,
    "ebitda": -144251000.0,
    "ebit": -163786000.0,
    "debt": 69170000.0,
    "workingcapital": 2394706000.0,
    "ncfo": 270010000.0,
    "capex": -30108000.0,
    "fcf": 239902000.0,
    "grossMargin": 72.328,
    "operatingMargin": -7.384,
    "pretaxMargin": -3.579,
    "profitMargin": -3.545,
    "ebitdaMargin": -6.503,
    "ebitMargin": -7.384,
    "fcfMargin": 10.815,
    "dividendYield": null,
    "dividendGrowthYears": null,
    "payoutRatio": null,
    "buybackYield": -8.199,
    "earningsYield": -0.269,
    "fcfYield": 0.82,
    "priceTarget": 346.31,
    "revenue5y": 17.87,
    "eps5y": null,
    "currentPrice": 359.82
  },
  "NOW": {
    "industry": "SaaS",
    "marketcap": 190809433920.0,
    "enterpriseValue": 183534433920.0,
    "earningsdate": "Oct 29 2025",
    "exdivdate": null,
    "sharesOutClass": 207564000.0,
    "sharesout": 207564000.0,
    "sharesgrowthyoy": 0.842,
    "sharesgrowthqoq": 0.087,
    "float": 206989813.0,
    "pe": 111.177,
    "peForward": 47.53,
    "ps": 15.022,
    "psForward": 12.662,
    "pb": 16.884,
    "pegRatio": 1.904,
    "evEarnings": 106.03,
    "evSales": 14.49,
    "evEbitda": 73.47,
    "evEbit": 100.95,
    "evFcf": 46.37,
    "currentRatio": 1.063,
    "quickRatio": 0.885,
    "debtEquity": 0.21,
    "debtEbitda": 0.91,
    "debtFcf": 0.61,
    "interestCoverage": 79.043,
    "assetturnover": 0.63,
    "inventoryturnover": null,
    "shortInterest": 3108450.0,
    "shortShares": 1.498,
    "shortFloat": 1.502,
    "revenue": 12667000000.0,
    "gp": 9887000000.0,
    "opinc": 1818000000.0,
    "pretax": 2183000000.0,
    "netinc": 1731000000.0,
    "ebitda": 2498000000.0,
    "ebit": 1818000000.0,
    "debt": 2402000000.0,
    "workingcapital": 497000000.0,
    "ncfo": 4841000000.0,
    "capex": -883000000.0,
    "fcf": 3958000000.0,
    "grossMargin": 78.053,
    "operatingMargin": 14.352,
    "pretaxMargin": 17.234,
    "profitMargin": 13.665,
    "ebitdaMargin": 19.721,
    "ebitMargin": 14.352,
    "fcfMargin": 31.247,
    "dividendYield": null,
    "dividendGrowthYears": null,
    "payoutRatio": null,
    "buybackYield": -0.842,
    "earningsYield": 0.907,
    "fcfYield": 2.074,
    "priceTarget": 1131.28,
    "revenue5y": 18.54,
    "eps5y": 37.14,
    "currentPrice": 919.28
  },
  "ACN": {
    "industry": "SaaS",
    "marketcap": 155096736889.0,
    "enterpriseValue": 151794928889.0,
    "earningsdate": "Dec 18 2025",
    "exdivdate": "Oct 10 2025",
    "sharesOutClass": 620138892.0,
    "sharesout": 620138892.0,
    "sharesgrowthyoy": -0.551,
    "sharesgrowthqoq": -0.165,
    "float": 619015305.0,
    "pe": 20.58,
    "peForward": 18.071,
    "ps": 2.243,
    "psForward": 2.096,
    "pb": 4.986,
    "pegRatio": 1.982,
    "evEarnings": 19.77,
    "evSales": 2.18,
    "evEbitda": 12.42,
    "evEbit": 13.98,
    "evFcf": 13.96,
    "currentRatio": 1.42,
    "quickRatio": 1.301,
    "debtEquity": 0.25,
    "debtEbitda": 0.62,
    "debtFcf": 0.75,
    "interestCoverage": 47.49,
    "assetturnover": 1.149,
    "inventoryturnover": null,
    "shortInterest": 13320203.0,
    "shortShares": 2.148,
    "shortFloat": 2.152,
    "revenue": 69672977000.0,
    "gp": 22235401000.0,
    "opinc": 10854147000.0,
    "pretax": 10270393000.0,
    "netinc": 7678433000.0,
    "ebitda": 12222532000.0,
    "ebit": 10854147000.0,
    "debt": 8182866000.0,
    "workingcapital": 8548592000.0,
    "ncfo": 11474399000.0,
    "capex": -600039000.0,
    "fcf": 10874360000.0,
    "grossMargin": 31.914,
    "operatingMargin": 15.579,
    "pretaxMargin": 14.741,
    "profitMargin": 11.021,
    "ebitdaMargin": 17.543,
    "ebitMargin": 15.579,
    "fcfMargin": 15.608,
    "dividendYield": 2.607,
    "dividendGrowthYears": 5.0,
    "payoutRatio": 49.949,
    "buybackYield": 0.551,
    "earningsYield": 4.951,
    "fcfYield": 7.011,
    "priceTarget": 298.82,
    "revenue5y": 5.08,
    "eps5y": 9.49,
    "currentPrice": 250.1
  },
  "CRM": {
    "industry": "SaaS",
    "marketcap": 247910320000.0,
    "enterpriseValue": 244347320000.0,
    "earningsdate": "Dec 2 2025",
    "exdivdate": "Sep 17 2025",
    "sharesOutClass": 952000000.0,
    "sharesout": 952000000.0,
    "sharesgrowthyoy": -1.276,
    "sharesgrowthqoq": -0.825,
    "float": 926640988.0,
    "pe": 37.844,
    "peForward": 21.766,
    "ps": 6.312,
    "psForward": 5.709,
    "pb": 4.055,
    "pegRatio": 1.271,
    "evEarnings": 36.67,
    "evSales": 6.19,
    "evEbitda": 21.4,
    "evEbit": 29.15,
    "evFcf": 19.55,
    "currentRatio": 1.124,
    "quickRatio": 0.931,
    "debtEquity": 0.19,
    "debtEbitda": 0.98,
    "debtFcf": 0.94,
    "interestCoverage": 28.124,
    "assetturnover": 0.416,
    "inventoryturnover": null,
    "shortInterest": 15802266.0,
    "shortShares": 1.66,
    "shortFloat": 1.705,
    "revenue": 39502000000.0,
    "gp": 30673000000.0,
    "opinc": 8381000000.0,
    "pretax": 8114000000.0,
    "netinc": 6663000000.0,
    "ebitda": 11420000000.0,
    "ebit": 8381000000.0,
    "debt": 11809000000.0,
    "workingcapital": 2799000000.0,
    "ncfo": 13169000000.0,
    "capex": -672000000.0,
    "fcf": 12497000000.0,
    "grossMargin": 77.649,
    "operatingMargin": 21.217,
    "pretaxMargin": 20.541,
    "profitMargin": 16.868,
    "ebitdaMargin": 28.91,
    "ebitMargin": 21.217,
    "fcfMargin": 31.636,
    "dividendYield": 0.639,
    "dividendGrowthYears": 1.0,
    "payoutRatio": 24.182,
    "buybackYield": 1.276,
    "earningsYield": 2.688,
    "fcfYield": 5.041,
    "priceTarget": 330.24,
    "revenue5y": 9.51,
    "eps5y": 23.28,
    "currentPrice": 260.41
  },
  "SAP": {
    "industry": "SaaS",
    "marketcap": 301493044856.0,
    "enterpriseValue": 301055905294.0,
    "earningsdate": "Oct 22 2025",
    "exdivdate": "May 13 2025",
    "sharesOutClass": null,
    "sharesout": 1164000000.0,
    "sharesgrowthyoy": -0.254,
    "sharesgrowthqoq": -0.255,
    "float": 963128919.0,
    "pe": 36.284,
    "peForward": 33.92,
    "ps": 7.041,
    "psForward": 7.523,
    "pb": 5.943,
    "pegRatio": null,
    "evEarnings": 36.23,
    "evSales": 7.03,
    "evEbitda": 23.71,
    "evEbit": 25.64,
    "evFcf": 40.18,
    "currentRatio": 1.105,
    "quickRatio": 0.943,
    "debtEquity": 0.21,
    "debtEbitda": 0.82,
    "debtFcf": 1.43,
    "interestCoverage": 14.761,
    "assetturnover": 0.529,
    "inventoryturnover": null,
    "shortInterest": 3040301.0,
    "shortShares": 0.26,
    "shortFloat": null,
    "revenue": 42818256487.0,
    "gp": 31613281712.0,
    "opinc": 11742344246.0,
    "pretax": 11641440809.0,
    "netinc": 8309280771.0,
    "ebitda": 12698580314.0,
    "ebit": 11742344246.0,
    "debt": 10701630882.0,
    "workingcapital": 2107239235.0,
    "ncfo": 8550979703.0,
    "capex": -971488912.0,
    "fcf": 7492982578.0,
    "grossMargin": 73.831,
    "operatingMargin": 27.424,
    "pretaxMargin": 27.188,
    "profitMargin": 19.406,
    "ebitdaMargin": 29.657,
    "ebitMargin": 27.424,
    "fcfMargin": 17.5,
    "dividendYield": 0.733,
    "dividendGrowthYears": 1.0,
    "payoutRatio": 26.958,
    "buybackYield": 0.254,
    "earningsYield": 2.756,
    "fcfYield": 2.485,
    "priceTarget": 340.75,
    "revenue5y": 12.59,
    "eps5y": 34.66,
    "currentPrice": 260.01
  },
  "WDAY": {
    "industry": "\u8edf\u9ad4",
    "marketcap": 64058640000.0,
    "enterpriseValue": 59648640000.0,
    "earningsdate": "Nov 25 2025",
    "exdivdate": null,
    "sharesOutClass": 217000000.0,
    "sharesout": 267000000.0,
    "sharesgrowthyoy": 0.512,
    "sharesgrowthqoq": -0.043,
    "float": 215073887.0,
    "pe": 111.014,
    "peForward": 25.151,
    "ps": 7.127,
    "psForward": 6.196,
    "pb": 6.984,
    "pegRatio": 0.964,
    "evEarnings": 102.31,
    "evSales": 6.66,
    "evEbitda": 53.88,
    "evEbit": 77.47,
    "evFcf": 24.92,
    "currentRatio": 2.105,
    "quickRatio": 1.993,
    "debtEquity": 0.41,
    "debtEbitda": 2.92,
    "debtFcf": 1.58,
    "interestCoverage": 6.754,
    "assetturnover": 0.524,
    "inventoryturnover": null,
    "shortInterest": 9961274.0,
    "shortShares": 3.731,
    "shortFloat": 4.632,
    "revenue": 8959000000.0,
    "gp": 6771000000.0,
    "opinc": 770000000.0,
    "pretax": 754000000.0,
    "netinc": 583000000.0,
    "ebitda": 1107000000.0,
    "ebit": 770000000.0,
    "debt": 3776000000.0,
    "workingcapital": 5462000000.0,
    "ncfo": 2591000000.0,
    "capex": -197000000.0,
    "fcf": 2394000000.0,
    "grossMargin": 75.578,
    "operatingMargin": 8.595,
    "pretaxMargin": 8.416,
    "profitMargin": 6.507,
    "ebitdaMargin": 12.356,
    "ebitMargin": 8.595,
    "fcfMargin": 26.722,
    "dividendYield": null,
    "dividendGrowthYears": null,
    "payoutRatio": null,
    "buybackYield": -0.512,
    "earningsYield": 0.91,
    "fcfYield": 3.737,
    "priceTarget": 285.72,
    "revenue5y": 12.95,
    "eps5y": 53.33,
    "currentPrice": 239.92
  },
  "OKTA": {
    "industry": "\u8edf\u9ad4",
    "marketcap": 16135446688.0,
    "enterpriseValue": 14217446688.0,
    "earningsdate": "Dec 2 2025",
    "exdivdate": null,
    "sharesOutClass": 168459019.0,
    "sharesout": 176285881.0,
    "sharesgrowthyoy": 9.068,
    "sharesgrowthqoq": -0.434,
    "float": 167430645.0,
    "pe": 109.44,
    "peForward": 27.144,
    "ps": 5.73,
    "psForward": 5.267,
    "pb": 2.389,
    "pegRatio": 1.597,
    "evEarnings": 84.63,
    "evSales": 5.15,
    "evEbitda": 84.13,
    "evEbit": 171.29,
    "evFcf": 16.77,
    "currentRatio": 1.347,
    "quickRatio": 1.246,
    "debtEquity": 0.14,
    "debtEbitda": 4.74,
    "debtFcf": 1.11,
    "interestCoverage": 20.75,
    "assetturnover": 0.297,
    "inventoryturnover": null,
    "shortInterest": 6360285.0,
    "shortShares": 3.608,
    "shortFloat": 3.799,
    "revenue": 2763000000.0,
    "gp": 2125000000.0,
    "opinc": 83000000.0,
    "pretax": 191000000.0,
    "netinc": 168000000.0,
    "ebitda": 169000000.0,
    "ebit": 83000000.0,
    "debt": 940000000.0,
    "workingcapital": 919000000.0,
    "ncfo": 853000000.0,
    "capex": -5000000.0,
    "fcf": 848000000.0,
    "grossMargin": 76.909,
    "operatingMargin": 3.004,
    "pretaxMargin": 6.913,
    "profitMargin": 6.08,
    "ebitdaMargin": 6.117,
    "ebitMargin": 3.004,
    "fcfMargin": 30.691,
    "dividendYield": null,
    "dividendGrowthYears": null,
    "payoutRatio": null,
    "buybackYield": -9.068,
    "earningsYield": 1.041,
    "fcfYield": 5.256,
    "priceTarget": 121.95,
    "revenue5y": 9.96,
    "eps5y": 146.24,
    "currentPrice": 91.53
  },
  "INOD": {
    "industry": "SaaS",
    "marketcap": 2376001857.0,
    "enterpriseValue": 2320432857.0,
    "earningsdate": "Nov 6 2025",
    "exdivdate": null,
    "sharesOutClass": 31845622.0,
    "sharesout": 31845622.0,
    "sharesgrowthyoy": 8.959,
    "sharesgrowthqoq": 1.001,
    "float": 30602724.0,
    "pe": 58.258,
    "peForward": 88.579,
    "ps": 9.994,
    "psForward": 8.442,
    "pb": 27.396,
    "pegRatio": null,
    "evEarnings": 54.35,
    "evSales": 10.17,
    "evEbitda": 54.81,
    "evEbit": 58.22,
    "evFcf": 64.33,
    "currentRatio": 2.867,
    "quickRatio": 2.674,
    "debtEquity": 0.05,
    "debtEbitda": 0.1,
    "debtFcf": 0.12,
    "interestCoverage": 138.878,
    "assetturnover": 2.298,
    "inventoryturnover": null,
    "shortInterest": 5144152.0,
    "shortShares": 16.153,
    "shortFloat": 16.809,
    "revenue": 228141000.0,
    "gp": 95797000.0,
    "opinc": 39858000.0,
    "pretax": 40682000.0,
    "netinc": 42691000.0,
    "ebitda": 42334000.0,
    "ebit": 39858000.0,
    "debt": 4223000.0,
    "workingcapital": 65567000.0,
    "ncfo": 43804000.0,
    "capex": -7732000.0,
    "fcf": 36072000.0,
    "grossMargin": 41.99,
    "operatingMargin": 17.471,
    "pretaxMargin": 17.832,
    "profitMargin": 18.713,
    "ebitdaMargin": 18.556,
    "ebitMargin": 17.471,
    "fcfMargin": 15.811,
    "dividendYield": null,
    "dividendGrowthYears": null,
    "payoutRatio": null,
    "buybackYield": -8.959,
    "earningsYield": 1.797,
    "fcfYield": 1.518,
    "priceTarget": 91.67,
    "revenue5y": null,
    "eps5y": null,
    "currentPrice": 74.61
  },
  "SNOW": {
    "industry": "SaaS",
    "marketcap": 93118898560.0,
    "enterpriseValue": 91203230560.0,
    "earningsdate": "Nov 19 2025",
    "exdivdate": null,
    "sharesOutClass": 338762000.0,
    "sharesout": 338762000.0,
    "sharesgrowthyoy": 0.223,
    "sharesgrowthqoq": 0.769,
    "float": 328124681.0,
    "pe": null,
    "peForward": 204.646,
    "ps": 22.224,
    "psForward": 17.949,
    "pb": 39.247,
    "pegRatio": 4.387,
    "evEarnings": null,
    "evSales": 22.16,
    "evEbitda": null,
    "evEbit": null,
    "evFcf": 121.39,
    "currentRatio": 1.485,
    "quickRatio": 1.375,
    "debtEquity": 1.13,
    "debtEbitda": null,
    "debtFcf": 3.58,
    "interestCoverage": -204.57,
    "assetturnover": 0.544,
    "inventoryturnover": null,
    "shortInterest": 11120020.0,
    "shortShares": 3.283,
    "shortFloat": 3.389,
    "revenue": 4115907000.0,
    "gp": 2748928000.0,
    "opinc": -1412349000.0,
    "pretax": -1378111000.0,
    "netinc": -1379862000.0,
    "ebitda": -1277532000.0,
    "ebit": -1412349000.0,
    "debt": 2692329000.0,
    "workingcapital": 1500045000.0,
    "ncfo": 837700000.0,
    "capex": -86371000.0,
    "fcf": 751329000.0,
    "grossMargin": 66.788,
    "operatingMargin": -34.314,
    "pretaxMargin": -33.483,
    "profitMargin": -33.525,
    "ebitdaMargin": -31.039,
    "ebitMargin": -34.314,
    "fcfMargin": 18.254,
    "dividendYield": null,
    "dividendGrowthYears": null,
    "payoutRatio": null,
    "buybackYield": -0.223,
    "earningsYield": -1.482,
    "fcfYield": 0.807,
    "priceTarget": 253.26,
    "revenue5y": 23.93,
    "eps5y": null,
    "currentPrice": 274.88
  },
  "TTD": {
    "industry": "\u8edf\u9ad4",
    "marketcap": 24584047453.0,
    "enterpriseValue": 23240335453.0,
    "earningsdate": "Nov 6 2025",
    "exdivdate": null,
    "sharesOutClass": 445666933.0,
    "sharesout": 488942869.0,
    "sharesgrowthyoy": 0.416,
    "sharesgrowthqoq": -1.425,
    "float": 442936347.0,
    "pe": 60.603,
    "peForward": 26.544,
    "ps": 9.248,
    "psForward": 7.982,
    "pb": 9.137,
    "pegRatio": 1.343,
    "evEarnings": 55.71,
    "evSales": 8.67,
    "evEbitda": 41.91,
    "evEbit": 48.93,
    "evFcf": 30.74,
    "currentRatio": 1.714,
    "quickRatio": 1.676,
    "debtEquity": 0.13,
    "debtEbitda": 0.53,
    "debtFcf": 0.45,
    "interestCoverage": 307.257,
    "assetturnover": 0.482,
    "inventoryturnover": null,
    "shortInterest": 38649315.0,
    "shortShares": 7.905,
    "shortFloat": 8.726,
    "revenue": 2679088000.0,
    "gp": 2127346000.0,
    "opinc": 475019000.0,
    "pretax": 557747000.0,
    "netinc": 417194000.0,
    "ebitda": 554574000.0,
    "ebit": 475019000.0,
    "debt": 343549000.0,
    "workingcapital": 2104731000.0,
    "ncfo": 929171000.0,
    "capex": -173251000.0,
    "fcf": 755920000.0,
    "grossMargin": 79.406,
    "operatingMargin": 17.731,
    "pretaxMargin": 20.819,
    "profitMargin": 15.572,
    "ebitdaMargin": 20.7,
    "ebitMargin": 17.731,
    "fcfMargin": 28.216,
    "dividendYield": null,
    "dividendGrowthYears": null,
    "payoutRatio": null,
    "buybackYield": -0.416,
    "earningsYield": 1.697,
    "fcfYield": 3.075,
    "priceTarget": 88.25,
    "revenue5y": 17.18,
    "eps5y": 40.25,
    "currentPrice": 50.28
  },
  "CFLT": {
    "industry": "SaaS",
    "marketcap": 8175353765.0,
    "enterpriseValue": 7292051765.0,
    "earningsdate": "Oct 27 2025",
    "exdivdate": null,
    "sharesOutClass": 298746315.0,
    "sharesout": 349822583.0,
    "sharesgrowthyoy": 6.75,
    "sharesgrowthqoq": 1.462,
    "float": 291747236.0,
    "pe": null,
    "peForward": 52.897,
    "ps": 7.1,
    "psForward": 6.209,
    "pb": 7.304,
    "pegRatio": 2.199,
    "evEarnings": null,
    "evSales": 6.55,
    "evEbitda": null,
    "evEbit": null,
    "evFcf": 136.18,
    "currentRatio": 4.014,
    "quickRatio": 3.768,
    "debtEquity": 0.99,
    "debtEbitda": null,
    "debtFcf": 20.66,
    "interestCoverage": -101.766,
    "assetturnover": 0.406,
    "inventoryturnover": null,
    "shortInterest": 20141301.0,
    "shortShares": 5.758,
    "shortFloat": 6.904,
    "revenue": 1113149000.0,
    "gp": 825337000.0,
    "opinc": -386712000.0,
    "pretax": -307544000.0,
    "netinc": -304082000.0,
    "ebitda": -361108000.0,
    "ebit": -386712000.0,
    "debt": 1106476000.0,
    "workingcapital": 1876247000.0,
    "ncfo": 57373000.0,
    "capex": -3824000.0,
    "fcf": 53549000.0,
    "grossMargin": 74.144,
    "operatingMargin": -34.74,
    "pretaxMargin": -27.628,
    "profitMargin": -27.317,
    "ebitdaMargin": -32.44,
    "ebitMargin": -34.74,
    "fcfMargin": 4.811,
    "dividendYield": null,
    "dividendGrowthYears": null,
    "payoutRatio": null,
    "buybackYield": -6.75,
    "earningsYield": -3.72,
    "fcfYield": 0.655,
    "priceTarget": 29.32,
    "revenue5y": 17.43,
    "eps5y": null,
    "currentPrice": 23.37
  },
  "SQ": {
    "industry": "SaaS",
    "marketcap": 46290163872.0,
    "enterpriseValue": 45631063872.0,
    "earningsdate": "Nov 6 2025",
    "exdivdate": null,
    "sharesOutClass": 549561073.0,
    "sharesout": 609562337.0,
    "sharesgrowthyoy": 0.223,
    "sharesgrowthqoq": -2.583,
    "float": 543561716.0,
    "pe": 16.174,
    "peForward": 24.523,
    "ps": 1.964,
    "psForward": 1.775,
    "pb": 2.091,
    "pegRatio": 1.372,
    "evEarnings": 15.43,
    "evSales": 1.91,
    "evEbitda": 28.77,
    "evEbit": 35.51,
    "evFcf": 43.07,
    "currentRatio": 1.957,
    "quickRatio": 1.073,
    "debtEquity": 0.28,
    "debtEbitda": 3.69,
    "debtFcf": 5.78,
    "interestCoverage": 4.7,
    "assetturnover": 0.641,
    "inventoryturnover": 118.464,
    "shortInterest": 20833159.0,
    "shortShares": 3.418,
    "shortFloat": 3.833,
    "revenue": 23834615000.0,
    "gp": 9449042000.0,
    "opinc": 1285025000.0,
    "pretax": 1488373000.0,
    "netinc": 2958104000.0,
    "ebitda": 1586128000.0,
    "ebit": 1285025000.0,
    "debt": 6122475000.0,
    "workingcapital": 9636348000.0,
    "ncfo": 1206221000.0,
    "capex": -146784000.0,
    "fcf": 1059437000.0,
    "grossMargin": 39.644,
    "operatingMargin": 5.391,
    "pretaxMargin": 6.245,
    "profitMargin": 12.411,
    "ebitdaMargin": 6.655,
    "ebitMargin": 5.391,
    "fcfMargin": 4.445,
    "dividendYield": null,
    "dividendGrowthYears": null,
    "payoutRatio": null,
    "buybackYield": -0.223,
    "earningsYield": 6.39,
    "fcfYield": 2.289,
    "priceTarget": 79.63,
    "revenue5y": 10.62,
    "eps5y": 7.58,
    "currentPrice": null
  },
  "ADSK": {
    "industry": "SaaS",
    "marketcap": 64112656937.0,
    "enterpriseValue": 64328656937.0,
    "earningsdate": "Nov 25 2025",
    "exdivdate": null,
    "sharesOutClass": 212758535.0,
    "sharesout": 212758535.0,
    "sharesgrowthyoy": null,
    "sharesgrowthqoq": -0.463,
    "float": 212155560.0,
    "pe": 62.633,
    "peForward": 28.873,
    "ps": 9.786,
    "psForward": 8.455,
    "pb": 23.641,
    "pegRatio": 1.764,
    "evEarnings": 61.68,
    "evSales": 9.74,
    "evEbitda": 39.01,
    "evEbit": 41.66,
    "evFcf": 34.14,
    "currentRatio": 0.764,
    "quickRatio": 0.606,
    "debtEquity": 1.01,
    "debtEbitda": 1.58,
    "debtFcf": 1.45,
    "interestCoverage": null,
    "assetturnover": 0.635,
    "inventoryturnover": null,
    "shortInterest": 3217954.0,
    "shortShares": 1.512,
    "shortFloat": 1.517,
    "revenue": 6605000000.0,
    "gp": 6079000000.0,
    "opinc": 1544000000.0,
    "pretax": 1413000000.0,
    "netinc": 1043000000.0,
    "ebitda": 1649000000.0,
    "ebit": 1544000000.0,
    "debt": 2734000000.0,
    "workingcapital": -1077000000.0,
    "ncfo": 1925000000.0,
    "capex": -41000000.0,
    "fcf": 1884000000.0,
    "grossMargin": 92.036,
    "operatingMargin": 23.376,
    "pretaxMargin": 21.393,
    "profitMargin": 15.791,
    "ebitdaMargin": 24.966,
    "ebitMargin": 23.376,
    "fcfMargin": 28.524,
    "dividendYield": null,
    "dividendGrowthYears": null,
    "payoutRatio": null,
    "buybackYield": null,
    "earningsYield": 1.627,
    "fcfYield": 2.939,
    "priceTarget": 358.2,
    "revenue5y": 12.37,
    "eps5y": 29.11,
    "currentPrice": 301.34
  },
  "SHOP": {
    "industry": "SaaS",
    "marketcap": 225959017995.0,
    "enterpriseValue": 220447017995.0,
    "earningsdate": "Nov 4 2025",
    "exdivdate": null,
    "sharesOutClass": 1220418767.0,
    "sharesout": 1299660750.0,
    "sharesgrowthyoy": 0.878,
    "sharesgrowthqoq": 1.051,
    "float": 1217716306.0,
    "pe": 97.338,
    "peForward": 110.873,
    "ps": 22.467,
    "psForward": 17.893,
    "pb": 18.633,
    "pegRatio": 4.981,
    "evEarnings": 94.01,
    "evSales": 22.01,
    "evEbitda": 140.14,
    "evEbit": 143.05,
    "evFcf": 121.32,
    "currentRatio": 3.85,
    "quickRatio": 2.979,
    "debtEquity": 0.09,
    "debtEbitda": 0.71,
    "debtFcf": 0.63,
    "interestCoverage": null,
    "assetturnover": 0.773,
    "inventoryturnover": null,
    "shortInterest": 26378506.0,
    "shortShares": 2.03,
    "shortFloat": 2.166,
    "revenue": 10014000000.0,
    "gp": 4941000000.0,
    "opinc": 1541000000.0,
    "pretax": 2590000000.0,
    "netinc": 2345000000.0,
    "ebitda": 1573000000.0,
    "ebit": 1541000000.0,
    "debt": 1139000000.0,
    "workingcapital": 5923000000.0,
    "ncfo": 1833000000.0,
    "capex": -16000000.0,
    "fcf": 1817000000.0,
    "grossMargin": 49.341,
    "operatingMargin": 15.388,
    "pretaxMargin": 25.864,
    "profitMargin": 23.417,
    "ebitdaMargin": 15.708,
    "ebitMargin": 15.388,
    "fcfMargin": 18.145,
    "dividendYield": null,
    "dividendGrowthYears": null,
    "payoutRatio": null,
    "buybackYield": -0.878,
    "earningsYield": 1.038,
    "fcfYield": 0.804,
    "priceTarget": 145.91,
    "revenue5y": 23.0,
    "eps5y": 15.33,
    "currentPrice": 173.86
  },
  "DDOG": {
    "industry": "SaaS",
    "marketcap": 56779193964.0,
    "enterpriseValue": 54132650964.0,
    "earningsdate": "Nov 6 2025",
    "exdivdate": null,
    "sharesOutClass": 323270704.0,
    "sharesout": 348745126.0,
    "sharesgrowthyoy": -1.974,
    "sharesgrowthqoq": -1.199,
    "float": 321138568.0,
    "pe": 455.765,
    "peForward": 85.25,
    "ps": 18.451,
    "psForward": 15.323,
    "pb": 17.76,
    "pegRatio": 3.224,
    "evEarnings": 434.52,
    "evSales": 17.95,
    "evEbitda": 1817.57,
    "evEbit": null,
    "evFcf": 58.49,
    "currentRatio": 3.432,
    "quickRatio": 3.337,
    "debtEquity": 0.4,
    "debtEbitda": 14.37,
    "debtFcf": 1.37,
    "interestCoverage": -1.78,
    "assetturnover": 0.589,
    "inventoryturnover": null,
    "shortInterest": 10763046.0,
    "shortShares": 3.086,
    "shortFloat": 3.352,
    "revenue": 3016056000.0,
    "gp": 2411053000.0,
    "opinc": -18250000.0,
    "pretax": 147846000.0,
    "netinc": 124580000.0,
    "ebitda": 29783000.0,
    "ebit": -18250000.0,
    "debt": 1264427000.0,
    "workingcapital": 3291484000.0,
    "ncfo": 965505000.0,
    "capex": -40046000.0,
    "fcf": 925459000.0,
    "grossMargin": 79.941,
    "operatingMargin": -0.605,
    "pretaxMargin": 4.902,
    "profitMargin": 4.131,
    "ebitdaMargin": 0.987,
    "ebitMargin": -0.605,
    "fcfMargin": 30.684,
    "dividendYield": null,
    "dividendGrowthYears": null,
    "payoutRatio": null,
    "buybackYield": 1.974,
    "earningsYield": 0.219,
    "fcfYield": 1.63,
    "priceTarget": 160.57,
    "revenue5y": 20.05,
    "eps5y": 51.24,
    "currentPrice": 162.81
  },
  "INTU": {
    "industry": "SaaS",
    "marketcap": 186116277750.0,
    "enterpriseValue": 188203277750.0,
    "earningsdate": "Nov 20 2025",
    "exdivdate": "Oct 9 2025",
    "sharesOutClass": 278805000.0,
    "sharesout": 278805000.0,
    "sharesgrowthyoy": -0.352,
    "sharesgrowthqoq": null,
    "float": 272024465.0,
    "pe": 48.833,
    "peForward": 28.828,
    "ps": 9.926,
    "psForward": 8.645,
    "pb": 9.454,
    "pegRatio": 2.159,
    "evEarnings": 48.64,
    "evSales": 9.99,
    "evEbitda": 33.66,
    "evEbit": 38.11,
    "evFcf": 30.74,
    "currentRatio": 1.36,
    "quickRatio": 0.495,
    "debtEquity": 0.34,
    "debtEbitda": 1.16,
    "debtFcf": 1.08,
    "interestCoverage": 19.992,
    "assetturnover": 0.545,
    "inventoryturnover": null,
    "shortInterest": 5160118.0,
    "shortShares": 1.851,
    "shortFloat": 1.897,
    "revenue": 18831000000.0,
    "gp": 15139000000.0,
    "opinc": 4938000000.0,
    "pretax": 4834000000.0,
    "netinc": 3869000000.0,
    "ebitda": 5591000000.0,
    "ebit": 4938000000.0,
    "debt": 6639000000.0,
    "workingcapital": 3737000000.0,
    "ncfo": 6207000000.0,
    "capex": -84000000.0,
    "fcf": 6123000000.0,
    "grossMargin": 80.394,
    "operatingMargin": 26.223,
    "pretaxMargin": 25.67,
    "profitMargin": 20.546,
    "ebitdaMargin": 29.69,
    "ebitMargin": 26.223,
    "fcfMargin": 32.516,
    "dividendYield": 0.719,
    "dividendGrowthYears": 14.0,
    "payoutRatio": 31.602,
    "buybackYield": 0.352,
    "earningsYield": 2.079,
    "fcfYield": 3.29,
    "priceTarget": 812.28,
    "revenue5y": 13.29,
    "eps5y": 24.54,
    "currentPrice": 667.55
  },
  "PANW": {
    "industry": "\u8edf\u9ad4",
    "marketcap": 149074054284.0,
    "enterpriseValue": 146588254284.0,
    "earningsdate": "Nov 19 2025",
    "exdivdate": null,
    "sharesOutClass": 676870933.0,
    "sharesout": 676870933.0,
    "sharesgrowthyoy": 0.198,
    "sharesgrowthqoq": 0.226,
    "float": 670363877.0,
    "pe": 137.65,
    "peForward": 57.887,
    "ps": 15.823,
    "psForward": 13.906,
    "pb": 18.8,
    "pegRatio": 3.29,
    "evEarnings": 129.28,
    "evSales": 15.9,
    "evEbitda": 110.26,
    "evEbit": 137.15,
    "evFcf": 42.25,
    "currentRatio": 0.942,
    "quickRatio": 0.824,
    "debtEquity": 0.05,
    "debtEbitda": 0.29,
    "debtFcf": 0.12,
    "interestCoverage": 356.267,
    "assetturnover": 0.423,
    "inventoryturnover": null,
    "shortInterest": 46536552.0,
    "shortShares": 6.875,
    "shortFloat": 6.942,
    "revenue": 9221500000.0,
    "gp": 6769900000.0,
    "opinc": 1068800000.0,
    "pretax": 1595700000.0,
    "netinc": 1133900000.0,
    "ebitda": 1329500000.0,
    "ebit": 1068800000.0,
    "debt": 417400000.0,
    "workingcapital": -465200000.0,
    "ncfo": 3716000000.0,
    "capex": -246200000.0,
    "fcf": 3469800000.0,
    "grossMargin": 73.414,
    "operatingMargin": 11.59,
    "pretaxMargin": 17.304,
    "profitMargin": 12.296,
    "ebitdaMargin": 14.417,
    "ebitMargin": 11.59,
    "fcfMargin": 37.627,
    "dividendYield": null,
    "dividendGrowthYears": null,
    "payoutRatio": null,
    "buybackYield": -0.198,
    "earningsYield": 0.761,
    "fcfYield": 2.328,
    "priceTarget": 216.33,
    "revenue5y": 13.36,
    "eps5y": 33.41,
    "currentPrice": 220.24
  },
  "ETSY": {
    "industry": "\u8edf\u9ad4",
    "marketcap": 6119772496.0,
    "enterpriseValue": 7687280496.0,
    "earningsdate": "Oct 29 2025",
    "exdivdate": null,
    "sharesOutClass": null,
    "sharesout": 98706008.0,
    "sharesgrowthyoy": -10.979,
    "sharesgrowthqoq": 2.833,
    "float": 74231974.0,
    "pe": 33.597,
    "peForward": 11.219,
    "ps": 2.144,
    "psForward": 2.093,
    "pb": null,
    "pegRatio": null,
    "evEarnings": 42.2,
    "evSales": 2.69,
    "evEbitda": 17.22,
    "evEbit": 19.53,
    "evFcf": 11.42,
    "currentRatio": 3.174,
    "quickRatio": 2.682,
    "debtEquity": null,
    "debtEbitda": 6.77,
    "debtFcf": 4.57,
    "interestCoverage": 24.174,
    "assetturnover": 1.12,
    "inventoryturnover": null,
    "shortInterest": 21669948.0,
    "shortShares": 21.954,
    "shortFloat": 29.192,
    "revenue": 2854027000.0,
    "gp": 2056082000.0,
    "opinc": 393648000.0,
    "pretax": 288245000.0,
    "netinc": 182153000.0,
    "ebitda": 446301000.0,
    "ebit": 393648000.0,
    "debt": 3075659000.0,
    "workingcapital": 1228555000.0,
    "ncfo": 691249000.0,
    "capex": -18154000.0,
    "fcf": 673095000.0,
    "grossMargin": 72.041,
    "operatingMargin": 13.793,
    "pretaxMargin": 10.1,
    "profitMargin": 6.382,
    "ebitdaMargin": 15.638,
    "ebitMargin": 13.793,
    "fcfMargin": 23.584,
    "dividendYield": null,
    "dividendGrowthYears": null,
    "payoutRatio": null,
    "buybackYield": 10.979,
    "earningsYield": 2.976,
    "fcfYield": 10.999,
    "priceTarget": 63.14,
    "revenue5y": 5.07,
    "eps5y": 25.52,
    "currentPrice": 62.0
  },
  "DASH": {
    "industry": "\u8edf\u9ad4",
    "marketcap": 108665549416.0,
    "enterpriseValue": 106192549416.0,
    "earningsdate": "Nov 5 2025",
    "exdivdate": null,
    "sharesOutClass": 402361247.0,
    "sharesout": 427194832.0,
    "sharesgrowthyoy": 10.589,
    "sharesgrowthqoq": 0.646,
    "float": 367465027.0,
    "pe": 144.851,
    "peForward": 47.733,
    "ps": 8.964,
    "psForward": 7.239,
    "pb": 12.17,
    "pegRatio": 1.238,
    "evEarnings": 135.97,
    "evSales": 8.93,
    "evEbitda": 127.33,
    "evEbit": 181.22,
    "evFcf": 53.52,
    "currentRatio": 2.073,
    "quickRatio": 1.276,
    "debtEquity": 0.36,
    "debtEbitda": 3.42,
    "debtFcf": 1.64,
    "interestCoverage": null,
    "assetturnover": 0.826,
    "inventoryturnover": null,
    "shortInterest": 11280052.0,
    "shortShares": 2.64,
    "shortFloat": 3.07,
    "revenue": 11895000000.0,
    "gp": 6071000000.0,
    "opinc": 586000000.0,
    "pretax": 800000000.0,
    "netinc": 781000000.0,
    "ebitda": 834000000.0,
    "ebit": 586000000.0,
    "debt": 3251000000.0,
    "workingcapital": 5039000000.0,
    "ncfo": 2188000000.0,
    "capex": -204000000.0,
    "fcf": 1984000000.0,
    "grossMargin": 51.038,
    "operatingMargin": 4.926,
    "pretaxMargin": 6.726,
    "profitMargin": 6.566,
    "ebitdaMargin": 7.011,
    "ebitMargin": 4.926,
    "fcfMargin": 16.679,
    "dividendYield": null,
    "dividendGrowthYears": null,
    "payoutRatio": null,
    "buybackYield": -10.589,
    "earningsYield": 0.719,
    "fcfYield": 1.826,
    "priceTarget": 288.42,
    "revenue5y": 19.4,
    "eps5y": null,
    "currentPrice": 254.37
  },
  "TWLO": {
    "industry": "\u8edf\u9ad4",
    "marketcap": 20449536892.0,
    "enterpriseValue": 19085468892.0,
    "earningsdate": "Oct 30 2025",
    "exdivdate": null,
    "sharesOutClass": 151612818.0,
    "sharesout": 151612818.0,
    "sharesgrowthyoy": -8.352,
    "sharesgrowthqoq": -0.302,
    "float": 146945930.0,
    "pe": 304.227,
    "peForward": 26.098,
    "ps": 4.223,
    "psForward": 3.842,
    "pb": 2.598,
    "pegRatio": 0.637,
    "evEarnings": 283.93,
    "evSales": 3.9,
    "evEbitda": 58.59,
    "evEbit": 149.08,
    "evFcf": 22.93,
    "currentRatio": 4.685,
    "quickRatio": 4.139,
    "debtEquity": 0.14,
    "debtEbitda": 3.36,
    "debtFcf": 1.32,
    "interestCoverage": null,
    "assetturnover": 0.496,
    "inventoryturnover": null,
    "shortInterest": 6326252.0,
    "shortShares": 4.173,
    "shortFloat": 4.305,
    "revenue": 4896125000.0,
    "gp": 2417214000.0,
    "opinc": 128019000.0,
    "pretax": 79302000.0,
    "netinc": 67218000.0,
    "ebitda": 325734000.0,
    "ebit": 128019000.0,
    "debt": 1094843000.0,
    "workingcapital": 2735038000.0,
    "ncfo": 840135000.0,
    "capex": -7832000.0,
    "fcf": 832303000.0,
    "grossMargin": 49.37,
    "operatingMargin": 2.615,
    "pretaxMargin": 1.62,
    "profitMargin": 1.373,
    "ebitdaMargin": 6.653,
    "ebitMargin": 2.615,
    "fcfMargin": 16.999,
    "dividendYield": null,
    "dividendGrowthYears": null,
    "payoutRatio": null,
    "buybackYield": 8.352,
    "earningsYield": 0.329,
    "fcfYield": 4.07,
    "priceTarget": 139.08,
    "revenue5y": 8.19,
    "eps5y": null,
    "currentPrice": 134.88
  },
  "ZS": {
    "industry": "\u8edf\u9ad4",
    "marketcap": 52419734528.0,
    "enterpriseValue": 50643901528.0,
    "earningsdate": "Dec 1 2025",
    "exdivdate": null,
    "sharesOutClass": 158300823.0,
    "sharesout": 158300823.0,
    "sharesgrowthyoy": 3.221,
    "sharesgrowthqoq": 1.024,
    "float": 101592137.0,
    "pe": null,
    "peForward": 90.031,
    "ps": 19.127,
    "psForward": 15.526,
    "pb": 29.134,
    "pegRatio": 3.912,
    "evEarnings": null,
    "evSales": 18.95,
    "evEbitda": null,
    "evEbit": null,
    "evFcf": 62.66,
    "currentRatio": 2.014,
    "quickRatio": 1.886,
    "debtEquity": 1.0,
    "debtEbitda": 83.7,
    "debtFcf": 2.22,
    "interestCoverage": -12.836,
    "assetturnover": 0.481,
    "inventoryturnover": null,
    "shortInterest": 5368676.0,
    "shortShares": 3.391,
    "shortFloat": 5.285,
    "revenue": 2673115000.0,
    "gp": 2057928000.0,
    "opinc": -122223000.0,
    "pretax": -18291000.0,
    "netinc": -41478000.0,
    "ebitda": -77763000.0,
    "ebit": -122223000.0,
    "debt": 1796576000.0,
    "workingcapital": 2464679000.0,
    "ncfo": 972453000.0,
    "capex": -164252000.0,
    "fcf": 808201000.0,
    "grossMargin": 76.986,
    "operatingMargin": -4.572,
    "pretaxMargin": -0.684,
    "profitMargin": -1.552,
    "ebitdaMargin": -2.909,
    "ebitMargin": -4.572,
    "fcfMargin": 30.234,
    "dividendYield": null,
    "dividendGrowthYears": null,
    "payoutRatio": null,
    "buybackYield": -3.221,
    "earningsYield": -0.079,
    "fcfYield": 1.542,
    "priceTarget": 319.19,
    "revenue5y": 20.46,
    "eps5y": null,
    "currentPrice": 331.14
  },
  "CRWD": {
    "industry": "\u8edf\u9ad4",
    "marketcap": 136271150571.0,
    "enterpriseValue": 132109242571.0,
    "earningsdate": "Nov 25 2025",
    "exdivdate": null,
    "sharesOutClass": 250955140.0,
    "sharesout": 250955140.0,
    "sharesgrowthyoy": -0.237,
    "sharesgrowthqoq": 0.595,
    "float": 246410934.0,
    "pe": null,
    "peForward": 128.517,
    "ps": 30.986,
    "psForward": 25.339,
    "pb": 36.256,
    "pegRatio": 5.823,
    "evEarnings": null,
    "evSales": 30.43,
    "evEbitda": null,
    "evEbit": null,
    "evFcf": 119.38,
    "currentRatio": 1.88,
    "quickRatio": 1.686,
    "debtEquity": 0.21,
    "debtEbitda": null,
    "debtFcf": 0.73,
    "interestCoverage": -10.111,
    "assetturnover": 0.526,
    "inventoryturnover": null,
    "shortInterest": 6070454.0,
    "shortShares": 2.419,
    "shortFloat": 2.464,
    "revenue": 4341102000.0,
    "gp": 3219507000.0,
    "opinc": -270854000.0,
    "pretax": -218562000.0,
    "netinc": -296986000.0,
    "ebitda": -91371000.0,
    "ebit": -270854000.0,
    "debt": 810528000.0,
    "workingcapital": 3058416000.0,
    "ncfo": 1388797000.0,
    "capex": -282163000.0,
    "fcf": 1106634000.0,
    "grossMargin": 74.163,
    "operatingMargin": -6.239,
    "pretaxMargin": -5.035,
    "profitMargin": -6.841,
    "ebitdaMargin": -2.105,
    "ebitMargin": -6.239,
    "fcfMargin": 25.492,
    "dividendYield": null,
    "dividendGrowthYears": null,
    "payoutRatio": null,
    "buybackYield": 0.237,
    "earningsYield": -0.218,
    "fcfYield": 0.812,
    "priceTarget": 493.76,
    "revenue5y": 22.16,
    "eps5y": null,
    "currentPrice": 543.01
  },
  "DOCU": {
    "industry": "\u8edf\u9ad4",
    "marketcap": 14708755117.0,
    "enterpriseValue": 13991242117.0,
    "earningsdate": "Dec 4 2025",
    "exdivdate": null,
    "sharesOutClass": 201104117.0,
    "sharesout": 201104117.0,
    "sharesgrowthyoy": 0.912,
    "sharesgrowthqoq": -0.872,
    "float": 198833310.0,
    "pe": 54.842,
    "peForward": 19.147,
    "ps": 4.801,
    "psForward": 4.375,
    "pb": 7.399,
    "pegRatio": 1.557,
    "evEarnings": 49.8,
    "evSales": 4.52,
    "evEbitda": 46.82,
    "evEbit": 56.12,
    "evFcf": 14.95,
    "currentRatio": 0.743,
    "quickRatio": 0.682,
    "debtEquity": 0.06,
    "debtEbitda": 0.39,
    "debtFcf": 0.14,
    "interestCoverage": 115.0,
    "assetturnover": 0.804,
    "inventoryturnover": null,
    "shortInterest": 5392048.0,
    "shortShares": 2.681,
    "shortFloat": 2.712,
    "revenue": 3095362000.0,
    "gp": 2461400000.0,
    "opinc": 249321000.0,
    "pretax": 289711000.0,
    "netinc": 280971000.0,
    "ebitda": 298846000.0,
    "ebit": 249321000.0,
    "debt": 126942000.0,
    "workingcapital": -457395000.0,
    "ncfo": 1039750000.0,
    "capex": -104004000.0,
    "fcf": 935746000.0,
    "grossMargin": 79.519,
    "operatingMargin": 8.055,
    "pretaxMargin": 9.36,
    "profitMargin": 9.077,
    "ebitdaMargin": 9.655,
    "ebitMargin": 8.055,
    "fcfMargin": 30.231,
    "dividendYield": null,
    "dividendGrowthYears": null,
    "payoutRatio": null,
    "buybackYield": -0.912,
    "earningsYield": 1.91,
    "fcfYield": 6.362,
    "priceTarget": 95.62,
    "revenue5y": 8.0,
    "eps5y": 0.59,
    "currentPrice": 73.14
  },
  "FTNT": {
    "industry": "\u8edf\u9ad4",
    "marketcap": 66228373232.0,
    "enterpriseValue": 62754173232.0,
    "earningsdate": "Nov 5 2025",
    "exdivdate": null,
    "sharesOutClass": 766266033.0,
    "sharesout": 766266033.0,
    "sharesgrowthyoy": -0.226,
    "sharesgrowthqoq": -0.528,
    "float": 649084399.0,
    "pe": 34.452,
    "peForward": 33.35,
    "ps": 10.45,
    "psForward": 9.106,
    "pb": 32.116,
    "pegRatio": 2.448,
    "evEarnings": 32.35,
    "evSales": 9.9,
    "evEbitda": 30.08,
    "evEbit": 32.23,
    "evFcf": 30.87,
    "currentRatio": 1.328,
    "quickRatio": 1.21,
    "debtEquity": 0.53,
    "debtEbitda": 0.51,
    "debtFcf": 0.54,
    "interestCoverage": 100.356,
    "assetturnover": 0.678,
    "inventoryturnover": 3.008,
    "shortInterest": 20327870.0,
    "shortShares": 2.653,
    "shortFloat": 3.132,
    "revenue": 6337900000.0,
    "gp": 5152000000.0,
    "opinc": 1946900000.0,
    "pretax": 2281100000.0,
    "netinc": 1939600000.0,
    "ebitda": 2086000000.0,
    "ebit": 1946900000.0,
    "debt": 1088700000.0,
    "workingcapital": 1569200000.0,
    "ncfo": 2400900000.0,
    "capex": -368200000.0,
    "fcf": 2032700000.0,
    "grossMargin": 81.289,
    "operatingMargin": 30.718,
    "pretaxMargin": 35.991,
    "profitMargin": 30.603,
    "ebitdaMargin": 32.913,
    "ebitMargin": 30.718,
    "fcfMargin": 32.072,
    "dividendYield": null,
    "dividendGrowthYears": null,
    "payoutRatio": null,
    "buybackYield": 0.226,
    "earningsYield": 2.929,
    "fcfYield": 3.069,
    "priceTarget": 94.57,
    "revenue5y": 13.23,
    "eps5y": 10.01,
    "currentPrice": 86.43
  },
  "PATH": {
    "industry": "\u8edf\u9ad4",
    "marketcap": 8422003321.0,
    "enterpriseValue": 6978675321.0,
    "earningsdate": "Dec 4 2025",
    "exdivdate": null,
    "sharesOutClass": 453568899.0,
    "sharesout": 531021647.0,
    "sharesgrowthyoy": -3.798,
    "sharesgrowthqoq": -1.019,
    "float": 419024273.0,
    "pe": 417.592,
    "peForward": 22.742,
    "ps": 5.792,
    "psForward": 5.05,
    "pb": 5.055,
    "pegRatio": 0.942,
    "evEarnings": 346.03,
    "evSales": 4.66,
    "evEbitda": null,
    "evEbit": null,
    "evFcf": 22.54,
    "currentRatio": 2.75,
    "quickRatio": 2.485,
    "debtEquity": 0.05,
    "debtEbitda": 13.82,
    "debtFcf": 0.26,
    "interestCoverage": null,
    "assetturnover": 0.565,
    "inventoryturnover": null,
    "shortInterest": 48050582.0,
    "shortShares": 9.049,
    "shortFloat": 11.467,
    "revenue": 1496651000.0,
    "gp": 1243626000.0,
    "opinc": -29831000.0,
    "pretax": 12724000.0,
    "netinc": 20168000.0,
    "ebitda": -16999000.0,
    "ebit": -29831000.0,
    "debt": 79310000.0,
    "workingcapital": 1292319000.0,
    "ncfo": 334741000.0,
    "capex": -25099000.0,
    "fcf": 309642000.0,
    "grossMargin": 83.094,
    "operatingMargin": -1.993,
    "pretaxMargin": 0.85,
    "profitMargin": 1.348,
    "ebitdaMargin": -1.136,
    "ebitMargin": -1.993,
    "fcfMargin": 20.689,
    "dividendYield": null,
    "dividendGrowthYears": null,
    "payoutRatio": null,
    "buybackYield": 3.798,
    "earningsYield": 0.239,
    "fcfYield": 3.677,
    "priceTarget": 13.88,
    "revenue5y": null,
    "eps5y": null,
    "currentPrice": 15.86
  },
  "SPLK": {
    "industry": "\u8edf\u9ad4",
    "marketcap": null,
    "enterpriseValue": null,
    "earningsdate": null,
    "exdivdate": null,
    "sharesOutClass": null,
    "sharesout": null,
    "sharesgrowthyoy": null,
    "sharesgrowthqoq": 2.941,
    "float": null,
    "pe": null,
    "peForward": null,
    "ps": null,
    "psForward": 5.884,
    "pb": null,
    "pegRatio": null,
    "evEarnings": null,
    "evSales": null,
    "evEbitda": null,
    "evEbit": null,
    "evFcf": null,
    "currentRatio": 1.623,
    "quickRatio": 1.503,
    "debtEquity": 4.4,
    "debtEbitda": 6.5,
    "debtFcf": 3.27,
    "interestCoverage": 8.303,
    "assetturnover": 0.647,
    "inventoryturnover": null,
    "shortInterest": 4853552.0,
    "shortShares": 2.88,
    "shortFloat": 3.128,
    "revenue": 4215595000.0,
    "gp": 3362932000.0,
    "opinc": 352923000.0,
    "pretax": 297171000.0,
    "netinc": 263734000.0,
    "ebitda": 441598000.0,
    "ebit": 352923000.0,
    "debt": 3261572000.0,
    "workingcapital": 1594398000.0,
    "ncfo": 1008363000.0,
    "capex": -10626000.0,
    "fcf": 997737000.0,
    "grossMargin": 79.774,
    "operatingMargin": 8.372,
    "pretaxMargin": 7.049,
    "profitMargin": 6.256,
    "ebitdaMargin": 10.475,
    "ebitMargin": 8.372,
    "fcfMargin": 23.668,
    "dividendYield": null,
    "dividendGrowthYears": null,
    "payoutRatio": null,
    "buybackYield": -7.998,
    "earningsYield": null,
    "fcfYield": null,
    "priceTarget": null,
    "revenue5y": 15.25,
    "eps5y": 48.56,
    "currentPrice": null
  },
  "AKAM": {
    "industry": "\u8edf\u9ad4",
    "marketcap": 10768253153.0,
    "enterpriseValue": 14481495153.0,
    "earningsdate": "Nov 6 2025",
    "exdivdate": null,
    "sharesOutClass": 143385528.0,
    "sharesout": 143385528.0,
    "sharesgrowthyoy": -3.276,
    "sharesgrowthqoq": -3.849,
    "float": 140151333.0,
    "pe": 26.622,
    "peForward": 11.22,
    "ps": 2.738,
    "psForward": 2.478,
    "pb": 2.498,
    "pegRatio": 1.275,
    "evEarnings": 34.11,
    "evSales": 3.55,
    "evEbitda": 12.59,
    "evEbit": 23.05,
    "evFcf": 17.67,
    "currentRatio": 2.31,
    "quickRatio": 1.983,
    "debtEquity": 1.18,
    "debtEbitda": 3.44,
    "debtFcf": 6.43,
    "interestCoverage": 22.105,
    "assetturnover": 0.396,
    "inventoryturnover": null,
    "shortInterest": 10119841.0,
    "shortShares": 7.058,
    "shortFloat": 7.221,
    "revenue": 4083251000.0,
    "gp": 2414609000.0,
    "opinc": 628237000.0,
    "pretax": 557236000.0,
    "netinc": 424601000.0,
    "ebitda": 1150509000.0,
    "ebit": 628237000.0,
    "debt": 5271115000.0,
    "workingcapital": 1153308000.0,
    "ncfo": 1446679000.0,
    "capex": -626969000.0,
    "fcf": 819710000.0,
    "grossMargin": 59.134,
    "operatingMargin": 15.386,
    "pretaxMargin": 13.647,
    "profitMargin": 10.399,
    "ebitdaMargin": 28.176,
    "ebitMargin": 15.386,
    "fcfMargin": 20.075,
    "dividendYield": null,
    "dividendGrowthYears": null,
    "payoutRatio": null,
    "buybackYield": 3.276,
    "earningsYield": 3.943,
    "fcfYield": 7.612,
    "priceTarget": 94.0,
    "revenue5y": 7.05,
    "eps5y": 25.39,
    "currentPrice": 75.1
  },
  "ORCL": {
    "industry": "\u8edf\u9ad4",
    "marketcap": 748646645999.0,
    "enterpriseValue": 849263645999.0,
    "earningsdate": "Dec 8 2025",
    "exdivdate": "Oct 9 2025",
    "sharesOutClass": 2850792605.0,
    "sharesout": 2850792605.0,
    "sharesgrowthyoy": 1.784,
    "sharesgrowthqoq": 1.324,
    "float": 1683797161.0,
    "pe": 60.808,
    "peForward": 37.083,
    "ps": 12.482,
    "psForward": 10.427,
    "pb": 30.888,
    "pegRatio": 1.618,
    "evEarnings": 68.26,
    "evSales": 14.39,
    "evEbitda": 34.72,
    "evEbit": 45.72,
    "evFcf": null,
    "currentRatio": 0.618,
    "quickRatio": 0.498,
    "debtEquity": 4.53,
    "debtEbitda": 4.23,
    "debtFcf": null,
    "interestCoverage": 5.077,
    "assetturnover": 0.364,
    "inventoryturnover": null,
    "shortInterest": 19366561.0,
    "shortShares": 0.679,
    "shortFloat": 1.15,
    "revenue": 59018000000.0,
    "gp": 41113000000.0,
    "opinc": 18577000000.0,
    "pretax": 14418000000.0,
    "netinc": 12441000000.0,
    "ebitda": 24463000000.0,
    "ebit": 18577000000.0,
    "debt": 111622000000.0,
    "workingcapital": -15240000000.0,
    "ncfo": 21534000000.0,
    "capex": -27414000000.0,
    "fcf": -5880000000.0,
    "grossMargin": 69.662,
    "operatingMargin": 31.477,
    "pretaxMargin": 24.43,
    "profitMargin": 21.08,
    "ebitdaMargin": 41.45,
    "ebitMargin": 31.477,
    "fcfMargin": null,
    "dividendYield": 0.762,
    "dividendGrowthYears": 11.0,
    "payoutRatio": 43.995,
    "buybackYield": -1.784,
    "earningsYield": 1.662,
    "fcfYield": -0.785,
    "priceTarget": 334.06,
    "revenue5y": 28.6,
    "eps5y": 35.64,
    "currentPrice": 262.61
  },
  "U": {
    "industry": "\u8edf\u9ad4",
    "marketcap": 16013427955.0,
    "enterpriseValue": 16663442955.0,
    "earningsdate": "Nov 5 2025",
    "exdivdate": null,
    "sharesOutClass": 422517888.0,
    "sharesout": 422517888.0,
    "sharesgrowthyoy": 5.713,
    "sharesgrowthqoq": 1.387,
    "float": 343803584.0,
    "pe": null,
    "peForward": 49.523,
    "ps": 8.697,
    "psForward": 8.37,
    "pb": 4.999,
    "pegRatio": 4.783,
    "evEarnings": null,
    "evSales": 9.36,
    "evEbitda": null,
    "evEbit": null,
    "evFcf": 46.95,
    "currentRatio": 2.726,
    "quickRatio": 2.59,
    "debtEquity": 0.68,
    "debtEbitda": null,
    "debtFcf": 6.6,
    "interestCoverage": -20.523,
    "assetturnover": 0.266,
    "inventoryturnover": null,
    "shortInterest": 21678699.0,
    "shortShares": 5.131,
    "shortFloat": 6.306,
    "revenue": 1779560000.0,
    "gp": 1323955000.0,
    "opinc": -484333000.0,
    "pretax": -418680000.0,
    "netinc": -433906000.0,
    "ebitda": -85427000.0,
    "ebit": -484333000.0,
    "debt": 2341060000.0,
    "workingcapital": 1524511000.0,
    "ncfo": 380672000.0,
    "capex": -25757000.0,
    "fcf": 354915000.0,
    "grossMargin": 74.398,
    "operatingMargin": -27.216,
    "pretaxMargin": -23.527,
    "profitMargin": -24.383,
    "ebitdaMargin": -4.8,
    "ebitMargin": -27.216,
    "fcfMargin": 19.944,
    "dividendYield": null,
    "dividendGrowthYears": null,
    "payoutRatio": null,
    "buybackYield": -5.713,
    "earningsYield": -2.71,
    "fcfYield": 2.216,
    "priceTarget": 33.8,
    "revenue5y": 9.96,
    "eps5y": null,
    "currentPrice": 37.9
  },
  "CYBR": {
    "industry": "\u8edf\u9ad4",
    "marketcap": 26287387063.0,
    "enterpriseValue": 25672137063.0,
    "earningsdate": "Nov 6 2025",
    "exdivdate": null,
    "sharesOutClass": 50476952.0,
    "sharesout": 50476952.0,
    "sharesgrowthyoy": 12.894,
    "sharesgrowthqoq": -2.112,
    "float": 50466098.0,
    "pe": null,
    "peForward": 122.421,
    "ps": 20.728,
    "psForward": 17.836,
    "pb": 11.257,
    "pegRatio": 5.3,
    "evEarnings": null,
    "evSales": 21.39,
    "evEbitda": 1347.12,
    "evEbit": null,
    "evFcf": 122.17,
    "currentRatio": 2.314,
    "quickRatio": 2.208,
    "debtEquity": 0.53,
    "debtEbitda": 37.78,
    "debtFcf": 5.8,
    "interestCoverage": -29.023,
    "assetturnover": 0.361,
    "inventoryturnover": null,
    "shortInterest": 1611901.0,
    "shortShares": 3.19,
    "shortFloat": null,
    "revenue": 1200117000.0,
    "gp": 922360000.0,
    "opinc": -77200000.0,
    "pretax": -47199000.0,
    "netinc": -165373000.0,
    "ebitda": 19057000.0,
    "ebit": -77200000.0,
    "debt": 1219236000.0,
    "workingcapital": 1062976000.0,
    "ncfo": 222168000.0,
    "capex": -12036000.0,
    "fcf": 210132000.0,
    "grossMargin": 76.856,
    "operatingMargin": -6.433,
    "pretaxMargin": -3.933,
    "profitMargin": -13.78,
    "ebitdaMargin": 1.588,
    "ebitMargin": -6.433,
    "fcfMargin": 17.509,
    "dividendYield": null,
    "dividendGrowthYears": null,
    "payoutRatio": null,
    "buybackYield": -12.894,
    "earningsYield": -0.629,
    "fcfYield": 0.799,
    "priceTarget": 446.48,
    "revenue5y": 22.3,
    "eps5y": null,
    "currentPrice": 520.78
  },
  "RDDT": {
    "industry": "\u8edf\u9ad4",
    "marketcap": 39595140097.0,
    "enterpriseValue": 37394351097.0,
    "earningsdate": "Oct 30 2025",
    "exdivdate": null,
    "sharesOutClass": 137824835.0,
    "sharesout": 189495765.0,
    "sharesgrowthyoy": 68.236,
    "sharesgrowthqoq": 1.607,
    "float": 124130661.0,
    "pe": 117.1,
    "peForward": 61.064,
    "ps": 20.111,
    "psForward": 15.152,
    "pb": 15.158,
    "pegRatio": 1.454,
    "evEarnings": 107.1,
    "evSales": 19.63,
    "evEbitda": 134.04,
    "evEbit": 142.17,
    "evFcf": 73.37,
    "currentRatio": 12.13,
    "quickRatio": 12.026,
    "debtEquity": 0.01,
    "debtEbitda": 0.09,
    "debtFcf": 0.05,
    "interestCoverage": null,
    "assetturnover": 0.755,
    "inventoryturnover": null,
    "shortInterest": 19100430.0,
    "shortShares": 10.08,
    "shortFloat": 15.387,
    "revenue": 1904606000.0,
    "gp": 1737263000.0,
    "opinc": 263028000.0,
    "pretax": 343859000.0,
    "netinc": 349154000.0,
    "ebitda": 278986000.0,
    "ebit": 263028000.0,
    "debt": 25034000.0,
    "workingcapital": 2541254000.0,
    "ncfo": 514065000.0,
    "capex": -4384000.0,
    "fcf": 509681000.0,
    "grossMargin": 91.214,
    "operatingMargin": 13.81,
    "pretaxMargin": 18.054,
    "profitMargin": 18.332,
    "ebitdaMargin": 14.648,
    "ebitMargin": 13.81,
    "fcfMargin": 26.76,
    "dividendYield": null,
    "dividendGrowthYears": null,
    "payoutRatio": null,
    "buybackYield": -68.236,
    "earningsYield": 0.882,
    "fcfYield": 1.287,
    "priceTarget": 218.44,
    "revenue5y": null,
    "eps5y": null,
    "currentPrice": 208.95
  },
  "HUBS": {
    "industry": "\u8edf\u9ad4",
    "marketcap": 25920794671.0,
    "enterpriseValue": 24531795671.0,
    "earningsdate": "Nov 5 2025",
    "exdivdate": null,
    "sharesOutClass": 52693110.0,
    "sharesout": 52693110.0,
    "sharesgrowthyoy": 2.855,
    "sharesgrowthqoq": 1.039,
    "float": 50816852.0,
    "pe": null,
    "peForward": 46.54,
    "ps": 8.976,
    "psForward": 7.631,
    "pb": 12.554,
    "pegRatio": 1.498,
    "evEarnings": null,
    "evSales": 8.61,
    "evEbitda": null,
    "evEbit": null,
    "evFcf": 39.16,
    "currentRatio": 1.795,
    "quickRatio": 1.547,
    "debtEquity": 0.14,
    "debtEbitda": null,
    "debtFcf": 0.45,
    "interestCoverage": -23.544,
    "assetturnover": 0.809,
    "inventoryturnover": null,
    "shortInterest": 1027565.0,
    "shortShares": 1.95,
    "shortFloat": 2.022,
    "revenue": 2847902000.0,
    "gp": 2407973000.0,
    "opinc": -64912000.0,
    "pretax": 8312000.0,
    "netinc": -11922000.0,
    "ebitda": -45598000.0,
    "ebit": -64912000.0,
    "debt": 280532000.0,
    "workingcapital": 1022684000.0,
    "ncfo": 679615000.0,
    "capex": -53227000.0,
    "fcf": 626388000.0,
    "grossMargin": 84.553,
    "operatingMargin": -2.279,
    "pretaxMargin": 0.292,
    "profitMargin": -0.419,
    "ebitdaMargin": -1.601,
    "ebitMargin": -2.279,
    "fcfMargin": 21.995,
    "dividendYield": null,
    "dividendGrowthYears": null,
    "payoutRatio": null,
    "buybackYield": -2.855,
    "earningsYield": -0.046,
    "fcfYield": 2.417,
    "priceTarget": 719.79,
    "revenue5y": 17.42,
    "eps5y": 197.35,
    "currentPrice": 491.92
  },
  "UBER": {
    "industry": "\u8edf\u9ad4",
    "marketcap": 201242902234.0,
    "enterpriseValue": 201270902234.0,
    "earningsdate": "Nov 4 2025",
    "exdivdate": null,
    "sharesOutClass": 2085418676.0,
    "sharesout": 2085418676.0,
    "sharesgrowthyoy": 0.108,
    "sharesgrowthqoq": 0.142,
    "float": 2074447727.0,
    "pe": 16.391,
    "peForward": 30.485,
    "ps": 4.277,
    "psForward": 3.566,
    "pb": 8.911,
    "pegRatio": 1.169,
    "evEarnings": 15.94,
    "evSales": 4.25,
    "evEbitda": 38.48,
    "evEbit": 44.64,
    "evFcf": 23.57,
    "currentRatio": 1.112,
    "quickRatio": 0.928,
    "debtEquity": 0.52,
    "debtEbitda": 2.21,
    "debtFcf": 1.45,
    "interestCoverage": 9.533,
    "assetturnover": 0.971,
    "inventoryturnover": null,
    "shortInterest": 52465810.0,
    "shortShares": 2.516,
    "shortFloat": 2.529,
    "revenue": 47331000000.0,
    "gp": 16059000000.0,
    "opinc": 4509000000.0,
    "pretax": 6520000000.0,
    "netinc": 12626000000.0,
    "ebitda": 5230000000.0,
    "ebit": 4509000000.0,
    "debt": 12342000000.0,
    "workingcapital": 1421000000.0,
    "ncfo": 8789000000.0,
    "capex": -249000000.0,
    "fcf": 8540000000.0,
    "grossMargin": 33.929,
    "operatingMargin": 9.527,
    "pretaxMargin": 13.775,
    "profitMargin": 26.676,
    "ebitdaMargin": 11.05,
    "ebitMargin": 9.527,
    "fcfMargin": 18.043,
    "dividendYield": null,
    "dividendGrowthYears": null,
    "payoutRatio": null,
    "buybackYield": -0.108,
    "earningsYield": 6.274,
    "fcfYield": 4.244,
    "priceTarget": 106.84,
    "revenue5y": 13.46,
    "eps5y": 0.17,
    "currentPrice": 96.5
  },
  "GEN": {
    "industry": "\u8edf\u9ad4",
    "marketcap": 16234309819.0,
    "enterpriseValue": 24339309819.0,
    "earningsdate": "Nov 6 2025",
    "exdivdate": "Aug 18 2025",
    "sharesOutClass": 615869113.0,
    "sharesout": 615869113.0,
    "sharesgrowthyoy": -2.312,
    "sharesgrowthqoq": null,
    "float": 471384190.0,
    "pe": 27.465,
    "peForward": 10.192,
    "ps": 3.841,
    "psForward": 3.323,
    "pb": 6.866,
    "pegRatio": 0.819,
    "evEarnings": 40.77,
    "evSales": 5.76,
    "evEbitda": 12.7,
    "evEbit": 14.18,
    "evFcf": 18.04,
    "currentRatio": 0.5,
    "quickRatio": 0.399,
    "debtEquity": 3.78,
    "debtEbitda": 4.6,
    "debtFcf": 6.62,
    "interestCoverage": 2.954,
    "assetturnover": 0.266,
    "inventoryturnover": null,
    "shortInterest": 15795850.0,
    "shortShares": 2.565,
    "shortFloat": 3.351,
    "revenue": 4227000000.0,
    "gp": 3374000000.0,
    "opinc": 1716000000.0,
    "pretax": 1053000000.0,
    "netinc": 597000000.0,
    "ebitda": 1917000000.0,
    "ebit": 1716000000.0,
    "debt": 8933000000.0,
    "workingcapital": -1430000000.0,
    "ncfo": 1366000000.0,
    "capex": -17000000.0,
    "fcf": 1349000000.0,
    "grossMargin": 79.82,
    "operatingMargin": 40.596,
    "pretaxMargin": 24.911,
    "profitMargin": 14.123,
    "ebitdaMargin": 45.351,
    "ebitMargin": 40.596,
    "fcfMargin": 31.914,
    "dividendYield": 1.897,
    "dividendGrowthYears": null,
    "payoutRatio": 52.096,
    "buybackYield": 2.312,
    "earningsYield": 3.677,
    "fcfYield": 8.31,
    "priceTarget": 35.71,
    "revenue5y": 5.98,
    "eps5y": 25.3,
    "currentPrice": 26.36
  },
  "MTCH": {
    "industry": "\u8edf\u9ad4",
    "marketcap": 7781720234.0,
    "enterpriseValue": 10955986234.0,
    "earningsdate": "Nov 4 2025",
    "exdivdate": "Oct 3 2025",
    "sharesOutClass": 240622147.0,
    "sharesout": 240622147.0,
    "sharesgrowthyoy": -5.721,
    "sharesgrowthqoq": -2.999,
    "float": 223592536.0,
    "pe": 15.918,
    "peForward": 8.936,
    "ps": 2.353,
    "psForward": 2.14,
    "pb": null,
    "pegRatio": 0.427,
    "evEarnings": 20.37,
    "evSales": 3.18,
    "evEbitda": 11.19,
    "evEbit": 12.88,
    "evFcf": 12.07,
    "currentRatio": 0.697,
    "quickRatio": 0.618,
    "debtEquity": null,
    "debtEbitda": 3.49,
    "debtFcf": 3.87,
    "interestCoverage": 5.781,
    "assetturnover": 0.838,
    "inventoryturnover": null,
    "shortInterest": 9179595.0,
    "shortShares": 3.815,
    "shortFloat": 4.106,
    "revenue": 3450576000.0,
    "gp": 2484503000.0,
    "opinc": 850362000.0,
    "pretax": 672842000.0,
    "netinc": 537812000.0,
    "ebitda": 979270000.0,
    "ebit": 850362000.0,
    "debt": 3514681000.0,
    "workingcapital": -335286000.0,
    "ncfo": 956610000.0,
    "capex": -48970000.0,
    "fcf": 907640000.0,
    "grossMargin": 72.003,
    "operatingMargin": 24.644,
    "pretaxMargin": 19.499,
    "profitMargin": 15.586,
    "ebitdaMargin": 28.38,
    "ebitMargin": 24.644,
    "fcfMargin": 26.304,
    "dividendYield": 2.35,
    "dividendGrowthYears": null,
    "payoutRatio": 37.408,
    "buybackYield": 5.721,
    "earningsYield": 6.911,
    "fcfYield": 11.664,
    "priceTarget": 35.56,
    "revenue5y": 5.36,
    "eps5y": 20.29,
    "currentPrice": 32.34
  },
  "NET": {
    "industry": "\u8edf\u9ad4",
    "marketcap": 88726219095.0,
    "enterpriseValue": 88184462095.0,
    "earningsdate": "Oct 30 2025",
    "exdivdate": null,
    "sharesOutClass": 315250214.0,
    "sharesout": 350281165.0,
    "sharesgrowthyoy": 2.072,
    "sharesgrowthqoq": 0.525,
    "float": 313105697.0,
    "pe": null,
    "peForward": 227.032,
    "ps": 43.611,
    "psForward": 34.926,
    "pb": 65.854,
    "pegRatio": 8.463,
    "evEarnings": null,
    "evSales": 43.8,
    "evEbitda": null,
    "evEbit": null,
    "evFcf": 372.98,
    "currentRatio": 2.041,
    "quickRatio": 1.987,
    "debtEquity": 2.6,
    "debtEbitda": 283.59,
    "debtFcf": 14.81,
    "interestCoverage": -26.214,
    "assetturnover": 0.455,
    "inventoryturnover": null,
    "shortInterest": 9327727.0,
    "shortShares": 2.663,
    "shortFloat": 2.979,
    "revenue": 2013376000.0,
    "gp": 1514121000.0,
    "opinc": -191988000.0,
    "pretax": -93041000.0,
    "netinc": -103038000.0,
    "ebitda": -48686000.0,
    "ebit": -191988000.0,
    "debt": 3501751000.0,
    "workingcapital": 2313582000.0,
    "ncfo": 540011000.0,
    "capex": -303580000.0,
    "fcf": 236431000.0,
    "grossMargin": 75.203,
    "operatingMargin": -9.536,
    "pretaxMargin": -4.621,
    "profitMargin": -5.118,
    "ebitdaMargin": -2.418,
    "ebitMargin": -9.536,
    "fcfMargin": 11.743,
    "dividendYield": null,
    "dividendGrowthYears": null,
    "payoutRatio": null,
    "buybackYield": -2.072,
    "earningsYield": -0.116,
    "fcfYield": 0.266,
    "priceTarget": 215.5,
    "revenue5y": 25.54,
    "eps5y": null,
    "currentPrice": 253.3
  },
  "CHKP": {
    "industry": "\u8edf\u9ad4",
    "marketcap": 21006692585.0,
    "enterpriseValue": 18189492585.0,
    "earningsdate": "Oct 28 2025",
    "exdivdate": null,
    "sharesOutClass": 107352272.0,
    "sharesout": 107352272.0,
    "sharesgrowthyoy": -3.397,
    "sharesgrowthqoq": -0.815,
    "float": 82082314.0,
    "pe": 21.454,
    "peForward": 18.978,
    "ps": 7.851,
    "psForward": 7.294,
    "pb": 6.824,
    "pegRatio": 2.96,
    "evEarnings": 18.01,
    "evSales": 6.78,
    "evEbitda": 19.73,
    "evEbit": 21.34,
    "evFcf": 15.95,
    "currentRatio": 1.186,
    "quickRatio": 1.108,
    "debtEquity": null,
    "debtEbitda": null,
    "debtFcf": null,
    "interestCoverage": 473.611,
    "assetturnover": 0.479,
    "inventoryturnover": null,
    "shortInterest": 2782461.0,
    "shortShares": 3.39,
    "shortFloat": null,
    "revenue": 2684200000.0,
    "gp": 2361400000.0,
    "opinc": 852500000.0,
    "pretax": 961500000.0,
    "netinc": 1009900000.0,
    "ebitda": 921800000.0,
    "ebit": 852500000.0,
    "debt": null,
    "workingcapital": 318500000.0,
    "ncfo": 1166400000.0,
    "capex": -25900000.0,
    "fcf": 1140500000.0,
    "grossMargin": 87.974,
    "operatingMargin": 31.76,
    "pretaxMargin": 35.821,
    "profitMargin": 37.624,
    "ebitdaMargin": 34.342,
    "ebitMargin": 31.76,
    "fcfMargin": 42.489,
    "dividendYield": null,
    "dividendGrowthYears": null,
    "payoutRatio": null,
    "buybackYield": 3.397,
    "earningsYield": 4.808,
    "fcfYield": 5.429,
    "priceTarget": 230.95,
    "revenue5y": 7.19,
    "eps5y": 16.51,
    "currentPrice": 195.68
  },
  "SNAP": {
    "industry": "\u8edf\u9ad4",
    "marketcap": 13180694015.0,
    "enterpriseValue": 14479644015.0,
    "earningsdate": "Nov 5 2025",
    "exdivdate": null,
    "sharesOutClass": 1435682333.0,
    "sharesout": 1689832566.0,
    "sharesgrowthyoy": 2.412,
    "sharesgrowthqoq": -1.267,
    "float": 1095267454.0,
    "pe": null,
    "peForward": 27.689,
    "ps": 2.323,
    "psForward": 2.094,
    "pb": 6.341,
    "pegRatio": 0.94,
    "evEarnings": null,
    "evSales": 2.57,
    "evEbitda": null,
    "evEbit": null,
    "evFcf": 36.9,
    "currentRatio": 3.884,
    "quickRatio": 3.679,
    "debtEquity": 2.03,
    "debtEbitda": null,
    "debtFcf": 10.68,
    "interestCoverage": -10.424,
    "assetturnover": 0.761,
    "inventoryturnover": null,
    "shortInterest": 79165337.0,
    "shortShares": 4.685,
    "shortFloat": 7.228,
    "revenue": 5638004000.0,
    "gp": 3034525000.0,
    "opinc": -653609000.0,
    "pretax": -516715000.0,
    "netinc": -546303000.0,
    "ebitda": -500640000.0,
    "ebit": -653609000.0,
    "debt": 4191995000.0,
    "workingcapital": 3181154000.0,
    "ncfo": 586609000.0,
    "capex": -194231000.0,
    "fcf": 392378000.0,
    "grossMargin": 53.823,
    "operatingMargin": -11.593,
    "pretaxMargin": -9.165,
    "profitMargin": -9.69,
    "ebitdaMargin": -8.88,
    "ebitMargin": -11.593,
    "fcfMargin": 6.96,
    "dividendYield": null,
    "dividendGrowthYears": null,
    "payoutRatio": null,
    "buybackYield": -2.412,
    "earningsYield": -4.145,
    "fcfYield": 2.977,
    "priceTarget": 9.97,
    "revenue5y": 10.06,
    "eps5y": null,
    "currentPrice": 7.8
  },
  "APP": {
    "industry": "\u8edf\u9ad4",
    "marketcap": 215576817690.0,
    "enterpriseValue": 217895167690.0,
    "earningsdate": "Nov 5 2025",
    "exdivdate": null,
    "sharesOutClass": 307636373.0,
    "sharesout": 338249914.0,
    "sharesgrowthyoy": -1.38,
    "sharesgrowthqoq": -0.774,
    "float": 242893992.0,
    "pe": 87.581,
    "peForward": 54.432,
    "ps": 37.616,
    "psForward": 34.503,
    "pb": 184.998,
    "pegRatio": 0.879,
    "evEarnings": 89.73,
    "evSales": 37.98,
    "evEbitda": 63.52,
    "evEbit": 74.53,
    "evFcf": 75.26,
    "currentRatio": 2.736,
    "quickRatio": 2.536,
    "debtEquity": 3.01,
    "debtEbitda": 1.02,
    "debtFcf": 1.21,
    "interestCoverage": 10.662,
    "assetturnover": 1.022,
    "inventoryturnover": null,
    "shortInterest": 17172451.0,
    "shortShares": 5.077,
    "shortFloat": 7.07,
    "revenue": 5737591000.0,
    "gp": 4510330000.0,
    "opinc": 2923685000.0,
    "pretax": 2645129000.0,
    "netinc": 2428259000.0,
    "ebitda": 3430494000.0,
    "ebit": 2923685000.0,
    "debt": 3510958000.0,
    "workingcapital": 1898804000.0,
    "ncfo": 2900024000.0,
    "capex": -4776000.0,
    "fcf": 2895248000.0,
    "grossMargin": 78.61,
    "operatingMargin": 50.957,
    "pretaxMargin": 46.102,
    "profitMargin": 42.345,
    "ebitdaMargin": 59.79,
    "ebitMargin": 50.957,
    "fcfMargin": 50.461,
    "dividendYield": null,
    "dividendGrowthYears": null,
    "payoutRatio": null,
    "buybackYield": 1.38,
    "earningsYield": 1.126,
    "fcfYield": 1.343,
    "priceTarget": 604.6,
    "revenue5y": 23.63,
    "eps5y": null,
    "currentPrice": 637.33
  },
  "PINS": {
    "industry": "\u8edf\u9ad4",
    "marketcap": 22505672375.0,
    "enterpriseValue": 19983709375.0,
    "earningsdate": "Nov 4 2025",
    "exdivdate": null,
    "sharesOutClass": 599264132.0,
    "sharesout": 679929679.0,
    "sharesgrowthyoy": 3.902,
    "sharesgrowthqoq": 0.069,
    "float": 595281681.0,
    "pe": 12.073,
    "peForward": 17.441,
    "ps": 5.735,
    "psForward": 4.895,
    "pb": 4.674,
    "pegRatio": 1.567,
    "evEarnings": 10.38,
    "evSales": 5.12,
    "evEbitda": 72.95,
    "evEbit": 79.77,
    "evFcf": 19.08,
    "currentRatio": 8.757,
    "quickRatio": 8.51,
    "debtEquity": 0.03,
    "debtEbitda": 0.44,
    "debtFcf": 0.13,
    "interestCoverage": null,
    "assetturnover": 0.854,
    "inventoryturnover": null,
    "shortInterest": 27662566.0,
    "shortShares": 4.068,
    "shortFloat": 4.647,
    "revenue": 3905718000.0,
    "gp": 3119031000.0,
    "opinc": 250517000.0,
    "pretax": 337625000.0,
    "netinc": 1925708000.0,
    "ebitda": 273940000.0,
    "ebit": 250517000.0,
    "debt": 137412000.0,
    "workingcapital": 3116610000.0,
    "ncfo": 1073421000.0,
    "capex": -26008000.0,
    "fcf": 1047413000.0,
    "grossMargin": 79.858,
    "operatingMargin": 6.414,
    "pretaxMargin": 8.644,
    "profitMargin": 49.305,
    "ebitdaMargin": 7.014,
    "ebitMargin": 6.414,
    "fcfMargin": 26.817,
    "dividendYield": null,
    "dividendGrowthYears": null,
    "payoutRatio": null,
    "buybackYield": -3.902,
    "earningsYield": 8.557,
    "fcfYield": 4.654,
    "priceTarget": 43.19,
    "revenue5y": 13.65,
    "eps5y": 2.14,
    "currentPrice": 33.1
  },
  "RBLX": {
    "industry": "\u8edf\u9ad4",
    "marketcap": 79822968770.0,
    "enterpriseValue": 78726840770.0,
    "earningsdate": "Oct 30 2025",
    "exdivdate": null,
    "sharesOutClass": 654855044.0,
    "sharesout": 701925508.0,
    "sharesgrowthyoy": 6.229,
    "sharesgrowthqoq": 1.817,
    "float": 619596487.0,
    "pe": null,
    "peForward": null,
    "ps": 17.293,
    "psForward": 11.298,
    "pb": 195.835,
    "pegRatio": null,
    "evEarnings": null,
    "evSales": 17.64,
    "evEbitda": null,
    "evEbit": null,
    "evFcf": 67.44,
    "currentRatio": 0.961,
    "quickRatio": 0.778,
    "debtEquity": 4.52,
    "debtEbitda": null,
    "debtFcf": 1.51,
    "interestCoverage": -26.584,
    "assetturnover": 0.584,
    "inventoryturnover": null,
    "shortInterest": 16906354.0,
    "shortShares": 2.409,
    "shortFloat": 2.729,
    "revenue": 4463713000.0,
    "gp": 1152104000.0,
    "opinc": -1099916000.0,
    "pretax": -969276000.0,
    "netinc": -968630000.0,
    "ebitda": -867874000.0,
    "ebit": -1099916000.0,
    "debt": 1764372000.0,
    "workingcapital": -177510000.0,
    "ncfo": 1373851000.0,
    "capex": -206417000.0,
    "fcf": 1167434000.0,
    "grossMargin": 25.81,
    "operatingMargin": -24.641,
    "pretaxMargin": -21.715,
    "profitMargin": -21.7,
    "ebitdaMargin": -19.443,
    "ebitMargin": -24.641,
    "fcfMargin": 26.154,
    "dividendYield": null,
    "dividendGrowthYears": null,
    "payoutRatio": null,
    "buybackYield": -6.229,
    "earningsYield": -1.213,
    "fcfYield": 1.463,
    "priceTarget": 137.95,
    "revenue5y": 27.35,
    "eps5y": null,
    "currentPrice": 113.72
  },
  "Z": {
    "industry": "\u8edf\u9ad4",
    "marketcap": 17956272085.0,
    "enterpriseValue": 16925272084.0,
    "earningsdate": "Oct 30 2025",
    "exdivdate": null,
    "sharesOutClass": 186200151.0,
    "sharesout": 186200151.0,
    "sharesgrowthyoy": 3.559,
    "sharesgrowthqoq": 1.819,
    "float": 223644632.0,
    "pe": null,
    "peForward": 33.961,
    "ps": 7.232,
    "psForward": 6.183,
    "pb": 3.597,
    "pegRatio": null,
    "evEarnings": null,
    "evSales": 6.82,
    "evEbitda": 2417.9,
    "evEbit": null,
    "evFcf": 60.66,
    "currentRatio": 3.628,
    "quickRatio": 2.663,
    "debtEquity": 0.07,
    "debtEbitda": 14.39,
    "debtFcf": 1.32,
    "interestCoverage": -4.286,
    "assetturnover": 0.419,
    "inventoryturnover": null,
    "shortInterest": 14568981.0,
    "shortShares": 7.824,
    "shortFloat": 6.514,
    "revenue": 2483000000.0,
    "gp": 1859000000.0,
    "opinc": -90000000.0,
    "pretax": -29000000.0,
    "netinc": -32000000.0,
    "ebitda": 7000000.0,
    "ebit": -90000000.0,
    "debt": 367000000.0,
    "workingcapital": 1535000000.0,
    "ncfo": 418000000.0,
    "capex": -139000000.0,
    "fcf": 279000000.0,
    "grossMargin": 74.869,
    "operatingMargin": -3.625,
    "pretaxMargin": -1.168,
    "profitMargin": -1.289,
    "ebitdaMargin": 0.282,
    "ebitMargin": -3.625,
    "fcfMargin": 11.236,
    "dividendYield": null,
    "dividendGrowthYears": null,
    "payoutRatio": null,
    "buybackYield": -3.559,
    "earningsYield": -0.178,
    "fcfYield": 1.554,
    "priceTarget": 86.44,
    "revenue5y": 15.41,
    "eps5y": null,
    "currentPrice": 74.98
  },
  "PLTR": {
    "industry": "\u8edf\u9ad4",
    "marketcap": 475583485138.0,
    "enterpriseValue": 469820875138.0,
    "earningsdate": "Nov 3 2025",
    "exdivdate": null,
    "sharesOutClass": 2274261581.0,
    "sharesout": 2372342421.0,
    "sharesgrowthyoy": 6.337,
    "sharesgrowthqoq": 0.395,
    "float": 2189900538.0,
    "pe": 623.069,
    "peForward": 270.284,
    "ps": 135.024,
    "psForward": 96.448,
    "pb": 80.198,
    "pegRatio": 7.641,
    "evEarnings": 615.52,
    "evSales": 136.55,
    "evEbitda": 785.93,
    "evEbit": 824.9,
    "evFcf": 274.96,
    "currentRatio": 6.324,
    "quickRatio": 6.193,
    "debtEquity": 0.04,
    "debtEbitda": 0.37,
    "debtFcf": 0.14,
    "interestCoverage": null,
    "assetturnover": 0.548,
    "inventoryturnover": null,
    "shortInterest": 48790674.0,
    "shortShares": 2.057,
    "shortFloat": 2.228,
    "revenue": 3440587000.0,
    "gp": 2753511000.0,
    "opinc": 569548000.0,
    "pretax": 793172000.0,
    "netinc": 763292000.0,
    "ebitda": 597793000.0,
    "ebit": 569548000.0,
    "debt": 237812000.0,
    "workingcapital": 5800753000.0,
    "ncfo": 1729613000.0,
    "capex": -20909000.0,
    "fcf": 1708704000.0,
    "grossMargin": 80.03,
    "operatingMargin": 16.554,
    "pretaxMargin": 23.053,
    "profitMargin": 22.185,
    "ebitdaMargin": 17.375,
    "ebitMargin": 16.554,
    "fcfMargin": 49.663,
    "dividendYield": null,
    "dividendGrowthYears": null,
    "payoutRatio": null,
    "buybackYield": -6.337,
    "earningsYield": 0.161,
    "fcfYield": 0.359,
    "priceTarget": 142.75,
    "revenue5y": 39.2,
    "eps5y": 63.85,
    "currentPrice": 200.47
  }
}